4000 6050
1018 552 1156 610 essum
1423 556 1470 631 (v,
1489 560 1515 629 2,
1535 557 1688 632 reo-mr)

581 831 665 913 Quin
687 853 761 902 mea
782 853 908 918 quoque
930 837 992 904 iste
1013 731 1156 918 mi,
1179 837 1207 900 sf
1229 836 1307 920 quid
1329 859 1380 905 me
1401 838 1479 907 fuit.
1660 852 1734 922 (125)

999 942 1164 1008 Mmemo.
1441 1019 1444 1031 y

486 1112 497 1126 ⁸
581 1043 744 1112 Festivom
767 1045 892 1111 ftoinus
916 1046 1003 1113 venit
1024 1047 1068 1112 mi
1090 1049 1125 1112 in
1146 1051 1284 1112 mentem
1307 1047 1415 1114 modo.

1012 1151 1170 1248 Heremo„
1290 1219 1297 1223 ,

582 1250 667 1332 Quid
689 1255 724 1338 id
747 1257 818 1324 est?

998 1362 1161 1428 M1m>111o

852 1468 931 1535 »Tua
953 1465 1035 1549 opus
1057 1471 1108 1532 est
1128 1483 1236 1548 opera.

1012 1572 1147 1638 Hirro.

1262 1677 1324 1742 Dio
1346 1676 1437 1742 mihi:
1461 1677 1538 1760 quid
1561 1678 1671 1745 lubet?

579 1779 727 1847 Profecto
750 1779 859 1862 uteris,
882 1786 918 1846 ut
939 1779 1041 1863 voles,
1064 1799 1197 1864 operam
1219 1780 1334 1847 metm.

582 1883 666 1962 Quid
689 1891 739 1952 est
760 1885 892 1968 negoti?

996 1989 1161 2056 Mmrmo.

907 2094 999 2162 Potin
1020 2099 1057 2160 tu
1078 2093 1148 2161 fieri
1170 2096 1345 2164 subdolis?

1011 2200 1147 2266 Hirro.

579 2306 712 2375 Inimico
733 2303 875 2388 possum,
899 2303 1001 2370 amieo
1025 2309 1075 2371 est
1095 2305 1291 2389 insipientit.

999 2410 1164 2476 Mmrmo.

583 2518 736 2586 Inimicus
757 2514 866 2582 herole
889 2521 938 2582 est
959 2514 1064 2583 huius·

1012 2622 1148 2688 Hmro.

1110 2727 1196 2796 Mtte
1218 2727 1320 2796 faxim
1342 2729 1465 2798 lubens.

997 2831 1160 2898 Mmrnro.

583 2939 680 3006 Amet
702 2957 723 3003 a
743 2936 858 3006 lenone
880 2935 943 3003 hio.

1012 3045 1149 3111 Hsmmo.

830 3194 849 3205 s
961 3150 1083 3216 Facere
1106 3150 1269 3233 sipienter
1290 3152 1377 3235 puro.

950 3296 952 3299 -
1000 3255 1164 3323 Mmrmo.

580 3364 670 3429 Leno
690 3359 743 3427 hio
764 3358 888 3429 habitet
909 3360 1043 3429 virinus.

1012 3466 1147 3537 Homero.

1073 3569 1158 3640 Mtle
1180 3571 1280 3639 faxim
1302 3573 1426 3641 lubens·

998 3678 1161 3745 mmmo.

581 3784 621 3849 Ei
645 3782 729 3852 duae
751 3782 879 3867 puellae
902 3786 976 3849 sunt
998 3786 1181 3851 meretrices
1204 3784 1349 3851 servolae

581 3890 728 3957 Sorores:
753 3888 863 3955 etrum
884 3887 937 3953 hie
960 3888 1095 3956 alteram
1119 3888 1261 3957 efflictim
1284 3892 1376 3973 perit,

580 3998 690 4080 Neque
714 4014 787 4062 eam
809 3992 978 4063 inoesttvit
1002 4015 1161 4078 umquam.

1012 4101 1147 4167 Hermo·

1186 4206 1314 4275 Acerba
1336 4205 1453 4274 amatio
1477 4203 1535 4273 est.

996 4311 1160 4379 Mmrffio·
1189 4376 1206 4389 ,

274 4434 279 4443 ’
356 4427 427 4487 1005
578 4419 671 4485 Hune
693 4417 766 4483 leno
789 4413 980 4483 lidifieotur.

1010 4521 1146 4588 Heremo.

1024 4626 1121 4693 Siom
1145 4633 1312 4710 quaestum
1334 4630 1418 4696 oolft.

504 4861 583 4917 1073.
603 4860 634 4918 P.
653 4858 720 4928 quid
739 4857 774 4913 de
793 4874 846 4917 me.
900 4858 978 4914 1075.
998 4872 1070 4927 opus
1088 4863 1132 4913 est
1150 4858 1281 4917 Bothiusr
1304 4860 1385 4917 eodd.
1405 4862 1450 4913 est
1467 4873 1545 4927 opos.
1584 4861 1664 4919 1078.
1684 4867 1729 4918 est

426 4949 586 5019 insipientie
603 4946 787 5003 camerarius:
808 4947 888 5005 oodd.
907 4947 1068 5017 insipientie
1085 4951 1138 5005 est.
1206 4948 1284 5003 1080.
1304 4947 1339 5005 V.
1358 4946 1494 5017 ellenone,
1513 4948 1543 5005 P.
1564 4948 1600 5005 eb
1618 4947 1727 5005 lenone.

428 5037 538 5095 Deinde
549 5037 659 5093 -Feoere
678 5033 865 5091 Camerarius:
883 5036 918 5094 D.
935 5033 1027 5105 feoile,
1047 5035 1078 5092 Ρ.
1094 5033 1172 5094 feeit.
1217 5035 1296 5090 1081.
1313 5033 1347 5094 D.
1365 5050 1418 5093 om.
1436 5034 1509 5093 leno.
1546 5038 1625 5094 1083.
1644 5034 1728 5093 0000.

353 5112 355 5118 ’
423 5125 515 5197 periit.
552 5125 632 5186 1085.
650 5124 723 5181 hune
741 5122 785 5181 ed.
803 5122 892 5182 Brix.:
911 5122 992 5183 oodd.
1010 5138 1093 5181 nuno.
1699 5113 1710 5135 ⁴
