4000 6050
429 1581 432 1590 ⁴
579 1571 1161 1788 ‘ncnnrnrno
1355 1675 1407 1830 j
1464 1730 1533 1831 4

239 1983 516 2138 Truculentum
543 2040 718 2140 proximo
737 2061 833 2118 anno
861 2067 883 2117 6
908 2061 965 2115 me
993 2038 1137 2136 etium,
1165 2037 1543 2143 sequitur‘Poennlns',

239 2165 332 2242 cuius
356 2165 507 2240 fabulae
538 2187 585 2238 ex
617 2164 745 2239 codice
769 2163 1016 2240 Ambrosiano
1048 2169 1192 2238 exstant
1221 2164 1311 2240 folia
1333 2165 1466 2243 XXIV
1491 2169 1545 2244 in·

238 2297 333 2385 tegra
360 2311 444 2362 cum
469 2285 633 2362 frustulis
657 2286 766 2361 unius
796 2309 912 2384 prope
943 2283 1136 2382 deperditi,
1170 2304 1264 2380 quae
1292 2294 1427 2362 textum
1458 2270 1563 2365 eon?

239 2409 344 2483 tinent
369 2407 455 2483 inde
481 2433 504 2482 a
528 2432 562 2483 v.
582 2410 652 2482 277
680 2429 796 2502 usque
822 2407 868 2483 ad
894 2409 981 2501 490,
1019 2424 1043 2480 6
1065 2429 1100 2484 v.
1124 2409 1197 2480 663
1223 2404 1271 2480 ad
1295 2410 1392 2504 594,
1423 2435 1447 2482 6
1472 2414 1545 2486 096

240 2532 388 2624 61699,
428 2532 546 2609 6737
573 2528 621 2602 ad
649 2529 730 2620 773,
771 2531 890 2604 6840
917 2528 966 2612 ad⁴
986 2530 1097 2623 1053,
1137 2529 1487 2627 61092601365,
1522 2557 1545 2606 6

197 2655 219 2668 ”
243 2655 328 2727 1404
354 2651 414 2750 60Ι
430 2652 523 2727 1406
549 2649 660 2725 huius
685 2645 889 2746 editionis‚'
915 2655 956 2724 ut
980 2648 1141 2723 indicavi
1165 2648 1202 2721 in
1226 2648 1320 2724 libro
1347 2649 1392 2723 de
1418 2651 1544 2728 codice

241 2774 477 2850 Ambrosiano
501 2796 537 2868 p.
556 2775 612 2845 27.
662 2770 754 2845 Iride
778 2769 872 2843 nihil
897 2769 1028 2865 adtuli,
1068 2769 1141 2844 nisi
1171 2770 1268 2866 quod
1297 2771 1378 2868 ipse
1408 2772 1484 2845 vidi
1508 2781 1545 2849 et

241 2898 346 2993 probe
367 2892 541 2992 cognovi:
563 2915 658 2988 quae
684 2890 778 2987 aliis,
806 2890 868 2985 qui
892 2890 989 2966 hunc
1013 2890 1145 2966 librum
1171 2898 1256 2965 ante
1281 2915 1339 2967 me
1364 2899 1543 2969 tractave-

238 3026 321 3110 runt,
350 3017 457 3093 aliter
481 3016 542 3091 vel
568 3038 661 3112 quae
686 3013 734 3089 iis
758 3021 948 3111 praeterea
966 3019 1108 3088 exstare
1126 3012 1208 3088 visa
1226 3020 1319 3115 sunt,
1346 3015 1544 3113 praecipue

239 3140 268 3213 in
291 3140 387 3215 loeis
412 3138 572 3236 punicis,
613 3135 734 3211 sciens
759 3135 999 3233 praetermisi.
1050 3133 1152 3210 Usus
1177 3142 1299 3210 tamen
1325 3159 1404 3211 sum
1431 3159 1544 3233 opera

240 3260 409 3337 Guilelmi
428 3258 660 3349 Studemund,
688 3257 759 3353 qui,
787 3256 987 3333 Mediolani
1012 3257 1159 3353 degens,
1187 3256 1368 3333 derebus
1394 3257 1543 3353 quibus·

240 3384 314 3457 dam
341 3381 464 3459 dubiis
489 3379 767 3479 diligentissime
793 3379 923 3454 adme
948 3380 1097 3455 rettulit.
1160 3377 1335 3454 Codicem
1365 3378 1543 3456 Decurta·

238 3514 306 3579 tnm
333 3504 452 3579 denuo
477 3508 727 3599 perscrutatus
752 3524 847 3577 sum:
893 3502 956 3597 qui
994 3500 1091 3576 enim
1115 3500 1363 3576 Palatinorum
1390 3501 1543 3578 alterum

238 3627 341 3722 novit,
369 3626 497 3701 ambos
521 3605 678 3719 noverit,
717 3624 932 3720 praesertim
958 3623 991 3698 si
1015 3623 1126 3697 Paret
1152 3629 1188 3696 et
1212 3622 1445 3699 Taubmanni
1469 3624 1543 3699 edi-

184 3786 185 3821 t
237 3748 350 3823 tiones
377 3745 608 3823 consuluerit.
671 3746 783 3820 Forte
814 3752 936 3820 tamen
962 3744 1258 3842 Schwarzmanni
1287 3745 1542 3823 collationibus

184 3888 185 3891 ‘
239 3893 278 3942 en
303 3869 429 3944 codice
444 3868 579 3943 Vetere
596 3867 686 3941 mihi
712 3868 845 3944 oblatis
872 3866 1141 3942 adnotationem
1167 3865 1329 3941 criticam
1353 3889 1470 3963 usque
1495 3868 1543 3943 ad

184 4084 185 4087 Ἴ
238 4016 266 4067 v.
286 3992 356 4067 100
382 3990 606 4086 aliquantulo
633 4012 769 4087 augere
793 3988 909 4063 licuit:
937 3988 984 4063 ad
1006 3996 1144 4063 textum
1161 3987 1426 4063 emendandum
1450 3988 1542 4064 nihil

184 4112 185 4125 '
239 4113 385 4209 amplius
409 4112 629 4210 profuerunt.
692 4110 888 4186 Lectiones
918 4110 1056 4186 codicis
1084 4110 1246 4185 Parisini
1265 4106 1421 4206 'ubique
1447 4135 1541 4187 com-

238 4233 444 4308 memoravi:
470 4234 510 4309 in
525 4234 618 4309 locis
633 4234 779 4331 punicis
804 4240 935 4328 tamen,
962 4233 1027 4307 ubi
1043 4232 1152 4309 huius
1171 4232 1256 4306 libri
1272 4254 1423 4329 prorsus
1441 4233 1539 4307 nulla

239 4354 430 4430 auctoritas
455 4363 519 4450 est,
548 4356 711 4431 codicem
728 4355 897 4431 Veterem
922 4354 1104 4433 substitui.
1147 4354 1289 4430 Punica
1314 4361 1434 4429 autem
1459 4355 1542 4451 ipsa

239 4499 280 4549 en
304 4476 557 4553 emendatione
581 4478 766 4575 Moversii,
793 4478 863 4553 viri
889 4476 1100 4571 doctissimi,
1129 4476 1307 4572 constitui,
1336 4475 1399 4572 qui
1425 4476 1470 4551 de
1494 4477 1542 4587 iis

238 4598 453 4693 peculiarem
477 4600 642 4675 libellum
669 4600 783 4675 edidit
805 4598 1054 4676 Vratislaviae
1079 4621 1111 4674 6.
1140 4600 1247 4675 1845.

380 4718 485 4795 Η666
510 4721 633 4818 habui,
663 4746 756 4818 quae
780 4723 866 4798 huic
907 4721 1064 4796 Poenuli
1096 4718 1248 4795 editioni
1277 4719 1541 4817 praemittenda

238 4862 312 4914 6666
337 4839 558 4919 viderentur.
608 4844 652 4917 In
677 4844 900 4921 Truculento
939 4849 1061 4917 tamen
1097 4847 1242 4938 praeter
1272 4863 1331 4937 66,
1372 4865 1467 4937 quae
1492 4843 1539 4917 ad
1575 4926 1581 4933 ,

238 4959 425 5037 editionem
450 4964 568 5060 ipsam
594 4965 736 5041 adiecta
760 4973 853 5059 sunt,
882 4966 990 5041 etiam
1017 4964 1092 5039 alia
1117 4963 1297 5060 quaedam
1323 4966 1540 5062 corrigenda

237 5082 292 5156 vel
316 5082 485 5162 addenda
510 5109 591 5163 esse
628 5111 710 5163 sero
748 5088 929 5185 intellexi,
969 5110 1121 5185 qnorum
1158 5108 1299 5163 summa
1336 5086 1429 5162 haec
1466 5096 1536 5164 est:
