4000 6050
678 528 681 533 ’
796 519 994 610 nonnosus.
1022 520 1024 530 '

435 688 734 806 Siquidemlioebit
757 744 815 806 per
836 722 919 810 illos,
944 732 1059 811 qulbus
1081 732 1117 799 id
1139 735 1172 801 in
1195 755 1292 807 manu
1315 741 1374 806 est·

438 827 678 896 Carchedoniis
701 835 836 896 vocatur
858 831 939 900 hado
962 837 1128 902 comoediai
1457 829 1464 841 ⁸

435 1147 551 1214 Latine
573 1147 717 1229 Pladtus,
741 1143 912 1232 πατρόθεν
934 1152 1232 1236 Pdltiphagonides·

437 1255 562 1320 Nomen
584 1253 649 1318 iam
671 1252 812 1321 habetis:
835 1275 920 1321 nunc
943 1259 1083 1324 rationes
1106 1261 1231 1328 ceteras

435 1358 592 1442 Accipite,
616 1379 691 1424 nam
714 1358 935 1442 argumentum
957 1361 1019 1428 hoo
1041 1363 1094 1430 hle
1117 1368 1305 1436 censebitur.

437 1465 504 1530 Vos
527 1463 680 1531 iuratores
703 1465 794 1531 estis:
818 1466 948 1549 quaeso,
971 1487 1105 1551 operam
1129 1471 1218 1539 date..

376 1577 379 1584 '
434 1573 542 1637 Locus
563 1569 751 1653 argumento
769 1567 823 1638 'est
845 1592 937 1639 suom
959 1572 1021 1638 sibl
1043 1577 1255 1656 proscenidm.

440 1674 724 1758 Carthaginienses
746 1673 859 1742 fratres
883 1677 1045 1761 patrueles
1069 1680 1133 1747 duo

438 1784 553 1862 Fuere,
575 1782 700 1848 stimmo
723 1781 840 1865 genere
863 1787 895 1848 et
917 1783 1048 1849 sdmmis
1069 1784 1172 1852 ditiis:

438 1890 557 1954 Eorum
579 1887 660 1952 alter
682 1887 769 1968 vivit,
794 1889 874 1954 alter
897 1885 947 1954 dst
970 1892 1139 1958 emortuos.

437 1996 612 2075 Propterea
634 1991 721 2075 apdd
743 2012 803 2060 vos
826 1992 897 2058 dico
925 1994 1145 2078 odulidentids,

438 2098 524 2177 onia
545 2096 622 2162 mihi
644 2098 814 2179 pollinctor
836 2097 924 2180 dixit,
948 2101 1002 2181 qui
1024 2100 1097 2165 dum
1120 2102 1321 2188 pollinxerrit.

439 2203 505 2272 Sed
527 2203 573 2269 illi
596 2202 674 2284 sdni,
700 2203 754 2285 qui
777 2204 940 2286 mortudst,
965 2205 994 2270 ei
1010 2204 1099 2270 iilius

438 2308 559 2377 Unicus
582 2309 636 2390 qui
658 2308 772 2391 dierat,
796 2309 955 2376 abditlvos
978 2331 999 2374 a
1022 2309 1113 2391 patre
1195 2323 1199 2330 ·

434 2417 520 2482 Puer
542 2413 727 2498 septuennis
750 2415 916 2498 surripitdr
939 2414 1146 2497 Carthagine,

320 2581 325 2590 .
435 2519 594 2586 Sexennid
616 2519 705 2603 prius
728 2519 886 2603 equidem,
910 2520 1008 2603 quaim
1030 2519 1160 2586 moritur
1182 2523 1283 2604 pater.

436 2625 594 2705 Quoniam
616 2627 740 2707 perisse
763 2626 822 2692 sihi
844 2625 932 2692 videt
954 2629 1086 2708 gnatum
1113 2625 1250 2712 unicium,

436 2731 608 2799 Ooniicitur
630 2732 702 2811 lpse
724 2729 756 2796 iu
779 2730 924 2796 morbum
948 2751 988 2796 ex
1011 2730 1221 2813 aegritudine.
1334 2757 1338 2763 ·

437 2837 530 2903 Facit
550 2837 639 2902 illum
661 2835 811 2902 heredem
833 2835 964 2903 fratrem
985 2837 1162 2921 patruelem
1185 2839 1284 2905 suom.
1357 2865 1362 2872 ¹

436 2946 513 3028 Ipse
536 2942 613 3010 abiit
635 2941 678 3007 dd
700 2941 932 3008 Aooheruntem
954 2945 1025 3008 sine
1046 2942 1172 3010 viatici).

434 3050 502 3131 llle,
527 3048 581 3131 qui
603 3046 755 3132 surripuit
776 3068 919 3131 puerum,
944 3049 1144 3132 Odlydonem
1167 3052 1285 3118 avehit.

436 3153 553 3220 Vendit
575 3174 646 3220 eum
670 3153 797 3219 ddmino
819 3152 871 3218 hic
895 3152 985 3219 diviti
1008 3154 1159 3236 quoidam
1183 3162 1262 3239 sent,

438 3260 586 3345 Cupienti
608 3260 788 3341 liberorum,
813 3258 897 3324 osori
920 3259 1096 3325 mulierdm.

437 3365 521 3431 Emit
542 3364 734 3449 hospi-talem
757 3364 785 3429 is
808 3363 907 3430 fflium
928 3364 1105 3446 inprudens
1127 3364 1228 3432 senex

434 3472 570 3537 Puerum
591 3472 680 3537 illum
703 3469 838 3551 equue
862 3468 995 3553 adoptat
1018 3471 1079 3537 sibi
1101 3490 1160 3554 pro
1183 3458 1250 3536 filid

434 3578 578 3660 Eumque
600 3574 750 3642 heredem
774 3573 858 3657 fecit,
883 3596 955 3641 curn
977 3575 1048 3657 lpse
1070 3574 1149 3642 obiit
1173 3575 1269 3641 diem.

436 3684 468 3748 ls
489 3682 556 3777 illic
579 3680 769 3748 adulescens
792 3679 917 3744 habitat
937 3678 1028 3747 hisce
1048 3680 1082 3745 in
1104 3679 1246 3747 aedihds.
1290 3730 1299 3735 .

340 3898 386 3953 52.
406 3896 486 3953 codd.
505 3912 530 3953 o.
550 3895 651 3966 quibus
670 3895 761 3951 estin
779 3909 871 3965 manu,
889 3893 942 3949 nisi
960 3894 1036 3962 quod
1055 3894 1089 3950 V.
1108 3893 1238 3953 immanu.
1273 3893 1377 3963 Scripsi
1395 3896 1497 3965 quibus
1516 3898 1545 3952 id
1642 3920 1645 3925 ·

231 3993 257 4044 in
276 4002 364 4043 manu
382 3989 434 4040 est.
488 3986 533 4043 53.
555 3984 590 4042 V.
609 3983 779 4041 comoediae.
815 3984 885 4039 Post
902 3980 928 4040 h.
947 3996 974 4039 v.
993 3982 1124 4039 videntur
1143 3998 1239 4039 versus
1257 3984 1313 4039 duo
1333 3983 1478 4054 excidisse,
1497 3986 1544 4054 qui

232 4081 272 4133 sic
302 4074 484 4143 redintegrari
514 4077 645 4143 possunt:
676 4072 794 4142 Graece,
825 4071 910 4127 latine
937 4070 1086 4127 Poenulus.
1135 4071 1307 4141 Philippides
1337 4072 1417 4127 Hanc
1445 4088 1545 4143 graece

233 4164 353 4235 scripsit,
369 4166 435 4231 post
452 4162 482 4217 id
501 4177 608 4218 rursum
627 4162 719 4217 denuo
732 4160 831 4216 Latine
844 4159 960 4213 Plautus
974 4162 1028 4214 etc.
1057 4159 1162 4229 Scripsi
1174 4159 1354 4229 Philippides,
1373 4165 1405 4214 ut
1423 4175 1545 4227 sequens

233 4251 452 4325 patronymicum
470 4249 717 4319 Pultiphagonides
735 4248 844 4317 habeat,
865 4261 920 4316 quo
940 4244 1085 4304 referatur.
1121 4247 1165 4303 54.
1188 4247 1222 4303 D.
1241 4248 1272 4302 Ρ.
1291 4248 1397 4303 Platus.
1434 4248 1544 4303 Deinde

234 4343 311 4400 codd.
332 4357 357 4397 o.
375 4345 505 4409 patruus:
525 4339 622 4408 scripsi
640 4330 789 4413 adspices.
829 4334 872 4391 55.
892 4333 926 4389 D.
940 4333 972 4390 P.
991 4331 1140 4389 orationes.
1178 4352 1205 4389 v.
1222 4337 1257 4391 57
1276 4334 1304 4390 in
1324 4335 1405 4389 codd.
1423 4351 1543 4390 commu·

233 4438 307 4487 tatur
325 4446 387 4485 cum
405 4444 431 4485 v.
445 4428 488 4498 58,
508 4428 555 4483 ubi
574 4428 609 4484 V.
622 4426 700 4497 sibis,
718 4428 754 4485 D.
772 4424 858 4481 scibis
876 4438 903 4490 p.
922 4420 984 4477 sibi.
1022 4421 1065 4477 60.
1085 4422 1167 4479 codd.
1186 4439 1212 4479 o.
1231 4423 1344 4479 diuitiis.
1381 4425 1425 4481 61.
1444 4423 1478 4479 V.
1490 4440 1543 4480 om.

234 4524 285 4576 est.
341 4518 383 4573 63.
403 4516 473 4571 sicut
489 4516 638 4586 pollinctor
654 4516 783 4585 Fulgent.
803 4511 864 4581 559,
884 4510 932 4579 10,
955 4508 1002 4577 qui
1020 4507 1094 4564 hunc
1111 4526 1221 4565 versum
1241 4526 1276 4565 ex
1292 4510 1477 4566 Menaechmis
1496 4511 1543 4567 ad-

234 4609 294 4677 fert,
312 4606 392 4662 codd.
412 4621 437 4661 0.
455 4606 600 4675 pellectos.
655 4604 702 4659 64<
728 4601 806 4657 codd.
827 4613 908 4653 cmm.
928 4595 966 4649 ei:
986 4595 1096 4651 addidit
1114 4598 1268 4654 Acidalius.
1325 4599 1368 4657 65.
1400 4599 1543 4654 abditivus

234 4696 397 4758 Guilelmus:
415 4694 450 4750 V.
470 4694 632 4761 abdiuitius,
655 4692 690 4749 D.
710 4688 861 4756 abdicitus,
879 4684 911 4741 P.
931 4682 1076 4742 abductus.
1114 4688 1156 4745 67.
1176 4676 1345 4744 vjsexenni
1364 4688 1489 4758 opprius,
1509 4688 1544 4744 D.
1612 4721 1615 4728 ψ

234 4784 362 4841 sexennio
382 4782 418 4839 ob
437 4782 522 4853 prius,
540 4783 572 4837 P.
592 4797 641 4837 sex
660 4795 749 4835 anuos
768 4778 853 4847 prius.
881 4770 990 4827 Deinde
1009 4773 1126 4832 ceddo.
1145 4777 1270 4845 quidem:
1289 4775 1387 4843 scripsi
1406 4776 1544 4843 equidem.

234 4876 276 4930 68.
293 4874 324 4929 P.
342 4872 395 4937 Qui
414 4872 596 4940 pecuariam
616 4868 767 4925 -'videns
785 4883 812 4936 p.
832 4861 917 4917 videt.
956 4859 1000 4915 69.
1018 4862 1053 4919 V.
1072 4864 1107 4918 D.
1127 4864 1278 4922 (lonicitur.
1314 4864 1424 4919 Deinde
1443 4862 1477 4919 V.
1496 4863 1544 4917 im-

232 4962 344 5033 probum
363 4976 391 5028 p.
410 4960 586 5017 iumorbum.
624 4960 666 5015 73.
686 4958 716 5011 P.
730 4957 838 5012 demtum
851 4968 878 5022 p.
893 4946 1014 5005 dominc.
1056 4952 1098 5009 74.
1116 4953 1150 5007 D.
1164 4954 1195 5008 Ρ.
1210 4951 1363 5006 mulierem.
1399 4953 1442 5009 78.
1462 4949 1544 5005 codd.

233 5069 256 5107 o.
274 5051 302 5105 iu
320 5048 410 5105 illisce
429 5046 553 5117 aedibus,
572 5046 627 5105 nisi
646 5045 720 5117 quod
739 5044 773 5101 V.
793 5044 823 5099 in
842 5038 897 5095 illis
916 5038 1129 5100 cacoaediebus.
1156 5039 1260 5110 Scripsi
1278 5038 1354 5095 hisce
1372 5038 1400 5093 iu
1419 5036 1544 5096 aedibus,

233 5139 265 5200 cl.
281 5136 355 5195 infra
373 5152 402 5191 v.
421 5136 465 5193 95.
