4000 6050
267 537 302 606 (r,
321 535 356 606 a,
377 531 504 601 sa-uo>
667 494 669 498 ’
794 499 997 583 consonus,

766 702 1028 770 Annumrsrnu.

1114 807 1245 878 Maneat
1266 811 1336 894 pol:
1358 815 1464 880 mane.

186 943 214 994 so
290 925 414 991 Turba
437 925 488 988 est
508 917 592 984 nimo
615 915 704 1000 apud
727 936 831 982 aram.
855 935 899 981 an
920 921 955 981 te
974 915 1018 982 ibi
1040 915 1090 982 vis
1113 916 1196 984 inter
1217 919 1285 985 stis
1307 921 1467 988 vor-saridi-

181 1077 182 1106 .
290 1026 476 1108 Prosedas,
501 1025 657 1108 pistorum
679 1024 811 1104 amicas,
834 1021 987 1103 reliquias
1011 1022 1172 1107 alicarits,

291 1136 452 1212 Miseras,
476 1128 615 1197 schoeno
638 1127 806 1210 delibutas,
829 1126 1028 1193 servilicolas
1051 1127 1223 1195 sordidas?
1498 1143 1554 1213 (55)

294 1241 397 1319 Quae
421 1238 478 1304 tibi
501 1235 590 1300 olant
612 1233 773 1300 stabulum
794 1233 993 1315 statumque,
1015 1233 1130 1299 sellam
1152 1240 1185 1300 et
1207 1233 1553 1322 sessibulum‘merum,
1585 1229 1594 1254 ³

295 1347 396 1424 Quas
413 1342 496 1408 adeo
511 1340 599 1406 hacid
614 1340 783 1423 quisquam
798 1356 949 1420 umquam
965 1338 1047 1404 liber
1060 1339 1166 1422 tetigit
1184 1339 1289 1422 neque
1309 1340 1401 1407 duxit
1415 1342 1554 1428 domim,

298 1449 514 1520 servolorum
537 1443 770 1513 sordidulorum
793 1450 899 1511 scorta
922 1443 1120 1510 diobolarit.
1241 1516 1244 1520 ,

818 1550 981 1617 Mrnrmo.

181 1645 182 1700 l
297 1667 318 1731 Ι
341 1665 377 1729 in
402 1659 522 1728 malim
545 1657 684 1724 crucem!
709 1661 764 1720 tun
788 1653 888 1721 audes
910 1641 1142 1723 etiam'servos
1164 1659 1338 1740 spernere?

299 1765 520 1852 Propudiirm!
544 1762 637 1845 quasi
660 1762 745 1828 bella
768 1762 818 1842 sit,
843 1761 935 1843 quasi
958 1780 1091 1845 eampse
1112 1762 1207 1846 reges
1230 1763 1393 1831 ductittnt
1497 1777 1555 1847 (60)

300 1877 488 1940 Monstrum
510 1868 669 1934 miliarisi
694 1866 822 1932 tantilla
844 1870 936 1931 tanta
957 1864 1058 1932 verba
1082 1867 1232 1952 funditdt,
1383 1864 1386 1870 ’

303 1979 431 2058 Quoius
455 1975 582 2060 egomet
605 1973 701 2039 bulbo
724 1969 843 2039 vinitio
867 1976 991 2053 septem
1013 1972 1123 2038 ndctes
1145 1994 1208 2040 non
1231 1975 1345 2040 emam.

759 2078 1043 2143 Aeonnsuocnns.

192 2201 208 2250 u
307 2191 352 2256 Di
378 2185 572 2254 immortales
595 2181 836 2267 omnipotentes,
860 2181 936 2264 quid
958 2188 1009 2248 est
1030 2184 1118 2266 apid
1140 2205 1198 2252 vos
1221 2186 1384 2268 pulcriis?

306 2295 396 2375 Quid
411 2293 546 2374 habetis,
571 2309 667 2382 mage
683 2289 736 2371 qui
750 2288 937 2354 immortalis
953 2306 1012 2354 vos
1027 2289 1157 2355 credam
1172 2291 1254 2374 esse,
1279 2312 1375 2374 quam
1391 2314 1451 2376 ego
1467 2294 1556 2376 siem,

278 2421 286 2439 “
308 2402 376 2481 Qui
391 2400 471 2466 haec
485 2403 577 2464 tanta
591 2395 692 2461 oculis
708 2395 792 2460 bona
806 2393 975 2477 concipio?
998 2415 1072 2460 nam
1085 2388 1195 2462 Vernis
1211 2418 1276 2463 non
1292 2404 1341 2464 est
1351 2392 1475 2466 Venus:
1500 2411 1557 2480 (65)
1645 2383 1651 2404 “

306 2511 404 2574 Hanc
427 2502 574 2588 equidem
597 2501 754 2568 Venerem
776 2500 962 2583 venerabor,
986 2521 1038 2567 me
1059 2508 1094 2568 ut
1116 2507 1201 2568 amet
1225 2503 1363 2587 posthac
1386 2507 1534 2588 propitia.

310 2611 460 2695 Milphio,
484 2609 580 2675 herisi
606 2608 659 2674 ubi
681 2608 740 2674 es?

822 2712 986 2778 Mmpnro.

739 2819 857 2885 Assum
879 2817 967 2901 apud
988 2824 1021 2884 te
1043 2836 1160 2884 eccum.

744 2926 1048 2998 ‚Aoonssrocuas

1081 3031 1125 3097 At
1145 3052 1207 3115 ego
1228 3034 1332 3101 elixus
1354 3032 1400 3100 sis
1422 3033 1506 3100 void.

824 3137 987 3204 Mrnrmo.
1364 3151 1366 3160 ’
1541 3138 1545 3144 ’

197 3260 229 3314 ds
312 3246 496 3329 Enimvero,
519 3243 581 3329 dre,
605 3241 688 3312 iacis
711 3244 854 3312 delicias.

762 3352 1059 3419 Aoonrsroonns..

876 3457 927 3521 De
948 3460 980 3522 te
1002 3454 1150 3537 equidem
1172 3454 1254 3523 hato
1277 3456 1375 3523 didici
1398 3458 1515 3524 omnia.

823 3563 989 3629 ummo.
1456 3635 1461 3645 p

312 3670 463 3736 Etiamne
475 3670 509 3739 tt
524 3688 706 3752 amaseam,
723 3688 819 3752 quam
830 3670 1005 3751 numquam
1016 3667 1182 3751 tetigeris?
1196 3669 1286 3747 nihili
1298 3669 1350 3737 hic
1362 3670 1490 3754 quidem
1502 3668 1560 3736 est

763 3776 1047 3842 Aoonnsroonns.

314 3875 402 3950 Deos
415 3902 539 3965 quoque
552 3881 667 3965 edepol
680 3887 711 3948 et
723 3900 795 3947 amo
807 3888 839 3947 at
849 3881 965 3965 metuo,
978 3880 1050 3964 quis
1061 3886 1168 3947 tamen
1182 3880 1327 3948 abstineo
1339 3882 1463 3949 mamis.
1483 3893 1561 3964 ,(70)

358 4161 420 4217 260.
448 4158 483 4218 V.
502 4164 577 4229 aput.
613 4158 722 4215 Deinde
740 4157 823 4218 codd.
842 4174 868 4216 o.
887 4158 968 4214 istas:
991 4173 1044 4215 scr.
1063 4162 1129 4216 stas.
1166 4158 1292 4228 Denique
1310 4158 1346 4219 V.
1363 4161 1398 4220 D.
1416 4160 1561 4218 uersaricr.

247 4252 311 4307 261.
329 4250 363 4308 P.
381 4250 457 4307 Inter
474 4246 572 4304 foedas
590 4263 617 4317 p.
636 4248 784 4307 Prosedas.
822 4246 857 4304 cl.
876 4247 954 4303 Paul.
972 4248 1035 4306 226,
1076 4247 1111 4303 V.
1129 4249 1164 4307 D.
1184 4248 1331 4307 allicarias.
1367 4250 1442 4304 Fest.
1461 4265 1488 4319 p.
1507 4250 1562 4303 330

247 4335 404 4394 halicarias,
433 4333 469 4392 cl.
496 4341 588 4391 tamen
614 4337 692 4393 Paul.
711 4353 738 4407 p.
758 4339 783 4395 6.
856 4337 918 4395 262.
944 4336 980 4391 D.
999 4336 1112 4409 scheno,
1139 4338 1267 4408 Poeno,
1300 4353 1354 4392 om.
1382 4337 1560 4395 servilicolas.

247 4428 310 4482 264.
329 4426 367 4483 V.
385 4424 450 4482 hau.
507 4425 568 4481 267.
587 4424 622 4481 V.
641 4424 676 4481 D.
695 4440 756 4480 eam
775 4426 843 4495 ipse,
861 4426 893 4482 P.
912 4440 973 4481 eam
990 4426 1046 4495 ipsi
1065 4458 1098 4467 —
1118 4426 1278 4481 discutiant.
1325 4427 1401 4487 268,
1419 4427 1455 4486 V.
1473 4426 1509 4490 D.
1527 4426 1563 4483 Et

247 4518 412 4582 monstrum,
430 4512 461 4572 P.
479 4512 533 4584 En,
553 4514 627 4583 quod
646 4512 751 4569 delevit
768 4512 897 4570 Weisius.
933 4513 1042 4569 Deinde
1059 4514 1090 4572 P.
1109 4528 1164 4571 om.
1183 4517 1271 4571 tanta
1307 4514 1369 4568 269.
1388 4514 1423 4573 D.
1442 4530 1495 4585 ego
1514 4532 1561 4571 ne-

246 4602 334 4659 bulae
355 4600 458 4672 ciatho,
488 4603 523 4659 V.
542 4616 596 4673 ego
613 4602 732 4658 nebulae
751 4602 861 4667 eratho,
892 4602 923 4656 P.
943 4615 996 4671 ego
1017 4617 1069 4670 pro
1091 4601 1210 4657 nebulae
1228 4600 1339 4672 cyatho.
1375 4602 1432 4660 Sor.
1451 4609 1563 4673 egomet

245 4689 337 4745 bulbo
357 4688 467 4746 viciato.
505 4690 567 4749 271.
585 4705 667 4760 mago
685 4692 732 4761 qui
750 4690 937 4749 Camerarius:
956 4688 1037 4746 codd.
1056 4690 1104 4760 qui
1122 4704 1211 4759 mage.
1232 4690 1295 4746 273.
1313 4690 1348 4745 D.
1360 4690 1393 4748 P.
1410 4706 1490 4747 omm.
1509 4708 1562 4748 me.

245 4782 283 4838 V.
293 4778 328 4835 D.
350 4783 425 4832 amet
443 4782 472 4833 at
488 4777 602 4850 poshac,
621 4781 651 4835 P.
672 4784 746 4834 amet
763 4780 832 4835 haec
850 4779 974 4849 posthae.
1011 4780 1073 4838 274.
1091 4777 1205 4849 Milphio
1223 4777 1292 4833 heus
1311 4780 1462 4835 Lemauos:
1480 4779 1562 4836 codd.

246 4864 365 4935 Milphio
384 4864 453 4920 heus
472 4866 593 4936 Milphio.
629 4868 664 4924 V.
684 4867 718 4925 D.
738 4868 845 4937 adsum,
864 4866 895 4923 P.
915 4882 967 4937 ego
986 4872 1015 4923 tc
1033 4868 1129 4925 elixus.
1203 4866 1264 4921 275.
1292 4866 1328 4926 D.
1346 4868 1376 4925 P.
1400 4867 1487 4936 Enim,
1507 4883 1561 4924 om.

181 4956 183 5025 Ῐ
245 4970 323 5011 vero.
361 4952 470 5008 Deinde
489 4955 570 5010 codd.
590 4970 615 5013 o.
635 4956 760 5027 quidem:
781 4970 843 5013 ser.
862 4953 998 5023 equidem.
1035 4955 1162 5027 Denique
1186 4956 1221 5013 V.
1240 4971 1291 5014 om.
1310 4956 1404 5030 omnia
1421 4955 1494 5009 inter
1511 4954 1561 5009 di-

246 5043 317 5099 dici
339 5046 368 5096 at
386 5040 523 5112 quidem
543 5048 595 5125 est
612 5044 641 5099 in
659 5061 687 5104 v.
707 5046 850 5114 sequente.
886 5044 950 5099 276.
974 5042 1006 5103 P.
1025 5044 1153 5115 tetigeris
1171 5059 1319 5113 nunquam.
1354 5041 1465 5097 Deinde
1484 5040 1562 5098 nihili

245 5133 299 5189 hie.
320 5130 369 5189 P.:
391 5128 426 5186 D.
443 5130 511 5186 nihil
529 5132 594 5190 illic.
631 5133 693 5191 277.
712 5133 774 5203 quis
792 5135 885 5188 tamen
902 5132 1034 5189 Bothius:
1059 5132 1139 5191 codd.
1158 5132 1260 5203 quibus
1278 5146 1332 5201 ego
1350 5134 1453 5189 tamen.
