4000 6050
755 633 761 642 ι
786 521 989 615 rennuens.

432 743 502 807 Dat
523 759 645 821 aurum,
669 737 756 804 dineit
777 743 912 820 nectem,
935 737 1053 820 regitat
1074 725 1203 824 postibi,

433 845 529 914 Unde
551 843 602 927 sit,
626 845 773 928 quoittis,
796 849 933 929 captane
955 843 998 908 an
1021 846 1176 928 subrepta
1198 849 1248 930 sit,

437 952 508 1030 Quo
532 970 649 1034 genere
672 951 781 1034 gutta,
806 951 860 1033 qni
882 949 1034 1034 parentes
1056 950 1203 1019 iuverint.

432 1058 483 1122 lta
505 1056 597 1122 doete
619 1061 715 1139 atque
738 1057 811 1125 istu
833 1056 918 1122 filias
942 1057 1067 1138 quaerit
1088 1057 1176 1123 suas.

435 1163 477 1250 Et
498 1162 526 1226 is
549 1162 651 1227 omnis
674 1164 803 1244 linguas
826 1163 895 1244 seit,
919 1160 977 1228 sed
1000 1160 1181 1228 dissimulat
1201 1164 1306 1231 seiens

436 1265 479 1333 Se
501 1267 592 1346 seire,
614 1267 741 1334 Poenus
764 1269 863 1352 plane
885 1273 948 1334 est:
972 1266 1051 1349 qnid
1072 1268 1177 1335 verbis
1200 1271 1318 1352 opust?

435 1374 469 1440 Is
491 1372 560 1437 heri
582 1371 645 1438 hue
666 1373 699 1437 in
721 1373 847 1456 pentum
868 1373 944 1439 navi
966 1373 1056 1440 venit
1076 1377 1214 1457 vespert.

436 1480 532 1544 Pater
554 1477 675 1544 hurane
698 1478 784 1544 idern
807 1478 882 1545 huie
903 1484 1038 1562 patruos
1060 1479 1302 1550 adulescentulo
1324 1481 1383 1549 est·

435 1585 549 1652 Jamne
571 1583 633 1649 hee
655 1583 793 1650 tenetis?
817 1584 845 1650 si
866 1583 991 1666 tenetis,
1016 1583 1133 1650 ducite.

435 1687 525 1755 Cave
548 1687 752 1772 dirumpttis:
777 1708 906 1772 quaese,
931 1689 1026 1756 sinite
1048 1689 1194 1773 transigi.

333 1802 336 1810 ’
434 1795 510 1860 Em!
535 1814 639 1877 paene
656 1795 778 1860 *oblitus
801 1793 952 1861 relieutm
975 1815 1046 1862 snm
1070 1795 1185 1861 dieert.

434 1900 505 1981 Ille,
529 1899 583 1981 qui
606 1898 773 1982 adoptivit
794 1898 879 1966 hune
903 1900 1053 1983 prosilio
1076 1901 1147 1983 sibi,

435 2006 468 2070 Is
490 2005 538 2069 illi
559 2005 678 2089 Poene,
702 2005 834 2072 huiusee
856 2005 985 2088 pttruq
1007 2005 1127 2088 hospes
1149 2005 1220 2087 fuit,

433 2111 508 2178 Hue
531 2111 584 2193 qui
605 2110 703 2177 hodie
725 2108 832 2175 veniet
854 2109 1054 2192 reperietque
1076 2110 1129 2175 hie
1151 2109 1235 2177 filias

436 2217 479 2281 Et
500 2216 585 2282 hune
608 2216 657 2283 sui
680 2214 787 2282 fratris
811 2215 919 2281 filiium.
965 2213 1091 2280 Dehine
1114 2215 1253 2281 eeterdm
1470 2207 1546 2277 (125)

436 2320 530 2399 Quod
552 2326 662 2403 restat,
687 2320 809 2388 restant
832 2321 897 2403 alii,
922 2323 977 2403 qut
1000 2319 1122 2386 feeient
1143 2320 1263 2402 palium.
1473 2314 1549 2382 (127)

438 2430 508 2511 Ego
530 2428 592 2510 ibo,
615 2425 766 2492 erntber:
789 2445 848 2492 vos
871 2444 973 2508 aequo
996 2425 1103 2490 anime
1126 2424 1256 2492 nescite.
1469 2417 1548 2491 (123)

438 2533 562 2614 Valete,
586 2531 712 2598 adeste:
733 2531 796 2614 ibe,
820 2531 903 2598 alius
926 2531 1012 2598 nine
1030 2529 1102 2597 fieri
1124 2531 1208 2596 veld.
1471 2527 1546 2595 (126)

436 2638 550 2704 Valete
573 2642 670 2720 atque
693 2636 854 2718 tdiuvate,
878 2641 913 2702 ut
935 2637 993 2702 vds
1017 2642 1124 2702 servet
1146 2635 1252 2702 Salis·
1473 2633 1547 2701 (128)

183 2865 185 2940 q
299 2879 367 2934 108.
388 2878 423 2935 D.
442 2879 474 2936 P.
493 2877 558 2946 pest
575 2877 632 2934 ubi.
671 2877 731 2934 109.
750 2875 785 2932 V.
798 2875 833 2930 D.
846 2874 974 2945 quolatis,
993 2873 1025 2932 P.
1038 2875 1221 2944 quoietastt.
1260 2877 1319 2933 110.
1338 2877 1418 2934 eodd
1437 2877 1549 2940 fuerint.

183 2943 184 2978 ¹
234 2968 287 3024 114.
306 2967 428 3037 vesperi
447 2964 552 3022 Charis.
570 2983 596 3037 p.
616 2965 669 3022 223
686 2966 730 3026 ed.
749 2964 827 3020 Keil:
846 2961 926 3019 eodd.
945 2977 1073 3033 vespere.
1111 2963 1172 3023 115.
1191 2963 1341 3022 Rhenum.
1380 2967 1440 3027 118,
1459 2967 1493 3027 V.
1511 2971 1547 3030 D.

231 3057 324 3128 Ehem,
344 3058 384 3114 P.
402 3056 481 3113 Hem.
512 3055 620 3111 Deinde
639 3055 719 3115 codd.
739 3069 764 3112 o.
784 3070 846 3111 sum
864 3053 1010 3123 reliquum.
1048 3054 1110 3109 120.
1128 3053 1243 3113 huiusee
1261 3055 1447 3112 camerarius:
1466 3058 1547 3117 eodd.

231 3144 317 3203 huius.
359 3144 471 3199 Deinde
490 3148 589 3212 patruo
608 3144 728 3201 Leman:
746 3143 828 3199 eodd.
846 3141 928 3213 patri:
964 3141 1034 3195 Post
1060 3141 1134 3199 hune
1161 3158 1272 3198 versum
1299 3148 1391 3199 autem
1418 3145 1447 3199 in
1466 3147 1546 3205 eodd.

234 3238 393 3303 sequnntur
410 3232 492 3287 haee:
522 3232 550 3286 Is
574 3230 656 3289 hodie
680 3231 734 3287 hue
757 3229 851 3286 veniet
873 3228 1047 3298 reperietque
1070 3229 1116 3285 hie
1139 3229 1211 3286 filias
1238 3232 1275 3286 Et
1300 3231 1374 3287 hune
1393 3235 1435 3289 sui
1454 3234 1547 3291 fratris

232 3318 327 3393 filium,
359 3324 395 3374 ut
413 3313 637 3389 quidem‘didiei
664 3334 718 3390 ego
747 3320 792 3389 (P.
812 3334 865 3376 om.
885 3315 958 3391 ege).
995 3318 1058 3387 Ege
1077 3316 1124 3373 ibo
1143 3318 1192 3386 (V.
1211 3319 1246 3377 D.
1264 3319 1324 3395 ibi),
1343 3323 1474 3378 ornabar:
1495 3340 1547 3379 ves

183 3378 185 3497 J
234 3424 319 3477 aequo
339 3407 437 3463 animo
456 3408 572 3464 neseite.
602 3408 655 3464 Hie
674 3407 721 3477 qui
740 3406 824 3463 hodie
840 3406 942 3476 veniet,
961 3406 1081 3474 reperiet
1098 3421 1164 3461 sues
1182 3404 1254 3464 tiliae
1282 3410 1319 3464 Et
1336 3410 1411 3466 hune
1430 3412 1474 3467 sui
1493 3412 1546 3467 fra-

233 3496 277 3550 tris
289 3496 395 3551 filium.
415 3494 515 3551 dehine
532 3500 655 3553 setarum
668 3496 776 3566 valete,
796 3497 906 3551 adeste:
925 3492 985 3564 ib03
1006 3489 1077 3548 ilius
1096 3510 1169 3549 nune
1180 3493 1241 3551 fieri
1259 3498 1332 3555 volo.
1361 3498 1442 3564 Quod
1459 3506 1547 3556 restat

183 3590 184 3635 t
233 3583 272 3651 (V.
290 3585 325 3640 D.
346 3586 468 3653 restant)
485 3588 591 3641 restant
608 3584 695 3653 aliqui
713 3582 756 3657 (P.
775 3582 833 3652 ulii)
851 3581 956 3639 faetent
974 3582 1019 3651 (V.
1031 3582 1066 3637 D.
1085 3581 1200 3653 faeisnt)
1217 3586 1318 3655 pelen
1344 3587 1444 3644 anete
1462 3590 1557 3657 atque

233 3672 367 3729 adiuvate
385 3676 419 3726 ut
436 3688 488 3727 vos
506 3676 597 3729 servet
615 3673 699 3729 salus.
730 3671 798 3727 Inde
816 3686 913 3728 versus
932 3684 982 3725 sex
1001 3671 1144 3727 121-126
1164 3672 1338 3731 concinnavi.
1364 3676 1471 3732 Versus
1489 3681 1546 3733 tres

232 3760 282 3817 iem
300 3759 414 3818 delevit
430 3758 560 3819 Weisius.
