4000 6050
1025 510 1163 570 nusum
1470 512 1697 584 <uasa-m)

591 690 656 757 Aut
678 687 884 772 contrectare,
907 688 994 772 quod
1012 689 1122 756 'mares
1144 688 1290 755 homines
1314 686 1448 754 amant?

591 797 754 878 Deglupta
776 795 902 877 maana,
927 794 1035 860 salicis
1059 794 1275 877 seminaridm,

590 901 712 968 Amans
734 898 910 966 tractabilis
933 890 1063 982 ἀγορᾶς,
1088 906 1154 966 tum
1178 900 1283 964 alitem
1307 897 1430 981 plenibr

589 1003 654 1069 Alli
676 1003 834 1086 ulpiquue
857 1023 953 1086 quam
967 1003 1101 1070 »romani
1124 1003 1271 1087 remiges·

949 1109 1231 1176 Aaonnsuocnns.

591 1214 673 1280 Num
696 1213 763 1296 tibi,
788 1211 989 1295 adulescens,
1015 1215 1120 1279 malae
1143 1219 1199 1289 aut
1222 1213 1335 1281 dentes
1358 1211 1511 1297 pruriimt,

590 1315 651 1396 qui
673 1317 750 1384 huic
770 1338 805 1384 es
829 1318 991 1399 molestus,
1015 1338 1057 1382 an
1081 1317 1200 1382 malam
1222 1340 1290 1384 rem
1314 1317 1499 1400 quaeritas?

945 1425 1231 1488 Aunnnnronmus.

590 1525 672 1603 Quin
696 1526 878 1608 adhibuisti,
902 1526 977 1593 dum
1000 1530 1100 1594 istaec
1123 1528 1262 1610 loquere,
1285 1528 1498 1610 tympandm?

588 1632 671 1698 Nam
694 1637 725 1700 te
748 1630 917 1698 cinaedum
940 1652 1013 1700 esse
1035 1632 1170 1698 arbitrbr
1193 1633 1306 1714 magis,
1330 1652 1427 1714 quam
1449 1632 1561 1698 virirm.

938 1738 1230 1802 vAucunsrocmrs.
1590 1813 1592 1816 y

589 1837 673 1922 Scin,
697 1860 793 1923 quam
817 1841 971 1914 cinaddus
994 1842 1087 1910 sum?
1108 1841 1165 1908 ite:
1189 1842 1292 1923 istinc,
1316 1841 1411 1924 servi,
1434 1840 1522 1908 ioris
1681 1853 1737 1922 (40)

589 1943 713 2016 Deferto
739 1946 844 2014 iistis.
1754 1957 1761 1964 ·

945 2052 1233 2118 Aunnnnoumns.

835 2157 943 2224 'Heus
965 2162 1011 2240 tu,
1034 2159 1062 2224 si
1085 2156 1161 2239 quid
1183 2177 1241 2240 per
1262 2157 1367 2224 iocdm

586 2258 673 2342 Dixi,
696 2260 795 2328 nolito
818 2261 851 2326 in
875 2263 991 2330 seridm
1019 2263 1213 2328 convortere.

957 2367 1223 2434 Aunnansnmrs.
1238 2430 1243 2442 ,

588 2468 672 2548 Quid
695 2470 752 2537 tibi
774 2471 883 2538 lubido
907 2477 965 2554 est,
990 2475 1133 2555 obsecro,
1155 2471 1418 2556 Anthemonides,

587 2575 690 2658 Loqui
711 2577 919 2644 inclementer
942 2584 1050 2646 nostro
1073 2579 1209 2661 ebgnato
1233 2580 1395 2662 etpatr1?

585 2682 667 2748 Nam
690 2681 742 2776 hio
765 2689 871 2751 noster
894 2685 985 2767 pater
1008 2688 1067 2765 est,
1091 2682 1143 2749 hic
1164 2702 1223 2749 nos
1247 2683 1395 2765 cognovit
1417 2682 1511 2748 modb
1682 2689 1738 2758 (45)

586 2786 627 2850 ut
648 2786 732 2857 hunc
755 2789 804 2856 sui
826 2787 933 2856 fratris
956 2788 1064 2856 filium.

940 2896 1227 2962 Annnnnonmns.

1024 3039 1026 3042 -
1115 2999 1165 3065 Ita
1187 3017 1238 3065 me
1259 2996 1401 3082 Iuppiter
1449 3031 1452 3036 <

586 3101 672 3167 Bene
696 3108 791 3185 amet,
815 3103 1057 3170 beneficium!
1081 3102 1209 3186 gaudeo
1233 3104 1265 3169 et
1287 3104 1405 3186 volupe
1429 3109 1478 3169 est
1500 3103 1587 3184 mibi,

583 3206 747 3288 Siquidem
770 3208 846 3289 quid
868 3208 975 3275 lenoni
999 3210 1112 3292 obtigit
1135 3210 1245 3291 magni
1268 3210 1355 3290 mali,

583 3311 724 3393 Cumque
748 3332 766 3379 e
789 3313 905 3379 virtdte
928 3313 1021 3379 vobis
1044 3313 1172 3381 fdrtuna
1194 3314 1317 3396 obtigit.

952 3419 1217 3484 Annnsnsnrms.

583 3518 743 3587 Credibile
766 3520 890 3586 ecastor
912 3520 1003 3588 dicit:
1026 3522 1121 3589 crede
1144 3522 1227 3605 huic,
1252 3521 1295 3585 mi
1318 3520 1419 3604 pater.
1480 3585 1483 3594 ,

1015 3628 1151 3695 Hnnuc.

545 3681 546 3685 Ἰ
584 3729 697 3796 Oredc.

429 4017 516 4075 audes
534 4034 608 4076 esse.
653 4020 780 4089 Denique
799 4020 833 4077 A.
853 4021 947 4093 taltax,
967 4024 1052 4076 ceteri
1071 4022 1170 4078 hallex.
1213 4021 1272 4078 Sor.
1291 4036 1353 4077 esse
1373 4036 1442 4077 aves
1460 4020 1547 4079 talax.
1602 4021 1681 4075 1300.
1701 4020 1734 4075 D.

430 4108 461 4163 P.
481 4112 663 4166 contractare.
737 4109 816 4166 1301.
830 4108 866 4166 P.
885 4110 1028 4178 Deglntta.
1066 4111 1175 4166 Deinde
1193 4126 1292 4166 maana
1309 4109 1470 4165 Turnebus:
1489 4108 1524 4167 D.
1541 4109 1573 4167 P.
1592 4123 1681 4176 mena,
1701 4109 1737 4163 A.

430 4210 509 4253 neno.
545 4197 672 4265 Denique
691 4197 771 4252 codd.
789 4213 852 4251 oum
871 4198 906 4256 A.
926 4202 1025 4254 omnes
1051 4199 1172 4268 satrapis
1199 4199 1378 4265 sementinas,
1406 4197 1460 4251 nisi
1480 4196 1555 4265 quod
1579 4197 1611 4253 P.
1630 4186 1740 4251 semen

429 4290 501 4343 turn:
523 4301 574 4343 scr.
593 4284 685 4340 salicis
704 4284 887 4345 seminarium.
926 4287 1005 4342 1302.
1041 4286 1077 4343 D.
1095 4287 1127 4345 P.
1145 4290 1316 4341 manstrueta
1333 4285 1480 4352 balageras
1500 4288 1621 4339 amatum
1640 4288 1734 4338 autern

430 4372 545 4442 plenior,
564 4372 616 4426 nisi
635 4372 710 4440 quod
729 4372 760 4430 P.
780 4377 928 4428 amantum.
960 4374 991 4428 In
1012 4374 1046 4427 A.
1065 4373 1104 4426 nit
1123 4373 1286 4442 dignoscere
1305 4373 1384 4440 potui
1403 4371 1469 4426 nisi:
1488 4376 1548 4426 tum
1566 4376 1660 4425 antem
1677 4372 1735 4439 plc-

430 4460 497 4514 nior.
534 4459 592 4515 Sor.
610 4459 718 4515 Amans
738 4461 891 4517 tractabilis
912 4461 1021 4537 ἀγορᾶς.
1072 4461 1151 4518 1303.
1170 4462 1206 4519 Α.
1226 4460 1273 4515 alii
1291 4459 1440 4529 uldiciqno,
1458 4461 1492 4517 D.
1512 4460 1680 4529 nlnnlpique,
1704 4461 1735 4515 P.

429 4546 598 4618 Avulpique.
634 4547 782 4603 Acidalius
799 4548 856 4602 Alli
876 4548 968 4618 ulpici,
988 4564 1071 4618 quam
1091 4554 1156 4604 sunt
1174 4548 1279 4603 romani
1297 4548 1424 4617 remiges.
1481 4549 1560 4605 130&
1579 4547 1660 4604 codd.
1679 4547 1736 4601 Cur

352 4622 357 4631 ’
430 4650 494 4704 non,
513 4636 565 4691 nisi
585 4634 660 4705 quod
679 4635 714 4693 A.
735 4651 800 4705 qur:
828 4650 879 4694 scr.
900 4637 982 4702 Quin.
1032 4637 1143 4693 Deinde
1170 4638 1284 4705 loquere
1302 4635 1338 4690 A.
1358 4634 1447 4691 solus:
1467 4632 1501 4692 D.
1520 4635 1687 4703 toqueretur,
1705 4636 1736 4691 P.

428 4724 589 4791 loquereris.
625 4722 753 4792 Denique
781 4725 815 4781 D.
834 4724 994 4795 timpanum,
1022 4726 1054 4783 P.
1082 4731 1110 4780 te
1129 4731 1285 4796 tyrannum.
1360 4723 1439 4778 1307.
1468 4723 1503 4780 A.
1523 4722 1641 4777 cinacdn
1663 4736 1735 4777 esse.

429 4810 508 4867 1309.
528 4811 558 4863 P.
578 4810 615 4863 Et
633 4809 712 4868 iente.
749 4811 785 4869 A.
803 4810 905 4866 fuistis.
949 4813 1028 4867 1310.
1049 4814 1079 4868 Ρ.
1099 4828 1201 4868 serum.
1238 4811 1273 4865 A.
1292 4810 1326 4864 D.
1346 4814 1516 4867 conuertere.
1553 4810 1633 4869 1311.
1651 4806 1685 4863 V.
1704 4808 1734 4863 P.

430 4912 469 4968 as,
489 4896 524 4951 D.
544 4902 596 4968 est,
616 4913 695 4953 eraso
715 4902 741 4969 t,
754 4899 830 4968 quod
849 4900 887 4957 A.
904 4912 1018 4967 prorsus
1038 4900 1148 4956 omittit.
1175 4898 1285 4955 Deinde
1302 4899 1337 4954 D.
1357 4896 1575 4965 Antamonodes,
1594 4897 1625 4952 P.
1644 4894 1733 4951 Anta-

430 4985 562 5041 menides.
595 4986 674 5043 1316.
693 4987 727 5045 D.
747 4986 778 5045 P.
798 5003 878 5045 cmm.
900 4986 974 5058 quid.
993 4987 1103 5043 Deinde
1121 4987 1156 5043 D.
1177 4987 1287 5059 optigit,
1305 4986 1336 5043 P.
1355 5000 1487 5055 magnum
1506 4984 1616 5040 maium.
1654 4984 1733 5039 1817.

429 5072 459 5129 P.
479 5088 532 5129 om.
552 5089 567 5127 e
587 5106 619 5117 ..
640 5072 728 5130 nobis.
