4000 6050
283 497 334 568 (v,
355 499 387 568 2,
405 495 532 570 es-sa)
801 497 1004 556 pennotus

833 678 968 742 Hanno.

398 781 446 848 At
467 785 503 848 ut
526 780 610 848 soids
632 797 726 864 nune,
751 780 867 847 dehine
889 783 988 848 latine
1010 782 1076 846 iam
1098 783 1220 865 loquar.

401 886 538 952 Servom
561 886 668 952 herole
690 887 722 952 te
740 908 816 954 esse
839 893 963 969 oportet
985 887 1017 950 et
1038 907 1179 969 nequam
1192 896 1233 958 ¹et
1254 891 1383 973 malim,

400 992 570 1060 Hominem
593 995 799 1076 peregrinum
821 998 917 1073 atque
940 990 1101 1060 advenam
1124 994 1180 1076 qui
1199 995 1345 1065 irrideas.

823 1099 987 1164 Mmefflo.

403 1203 448 1268 At
470 1202 577 1268 herole
599 1208 631 1269 te
653 1203 814 1271 hdmiuem
838 1208 869 1269 et
891 1202 1126 1287 sycophantam
1134 1191 1384 1290 etsubdoluim,
1477 1262 1479 1265 .

403 1308 468 1385 Qui
489 1307 551 1372 huo
574 1307 734 1375 advenisti
754 1329 813 1376 nos
836 1308 999 1391 captatum
1022 1308 1178 1394 migdilix‚
1281 1327 1287 1332 ’

401 1413 652 1496 Bisuloilinguis‚
676 1414 770 1495 quasi
791 1414 983 1497 proserpens
1005 1415 1119 1480 bestia.

762 1500 1044 1586 Asonrsno'onns.

400 1622 575 1689 Malediota
597 1624 672 1690 hino
695 1623 799 1689 adfer:
823 1625 966 1706 linguam
990 1626 1167 1707 ednpesoas
1189 1625 1272 1692 faed.

405 1721 613 1810 [Maledicere
635 1730 715 1795 huie
731 1736 766 1794 tu
788 1729 990 1812 temperabis,
1015 1730 1042 1794 si
1066 1723 1177 1813 sapis]

403 1836 483 1901 Meis
507 1836 754 1918 consangnineis
778 1835 852 1900 nolo
875 1840 907 1900 te
929 1835 1046 1900 iniuste
1069 1836 1167 1918 loqui.

405 1941 593 2023 Carthagini
616 1941 677 2024 ego
700 1961 771 2011 sum
794 1945 921 2022 gnatus,
944 1941 979 2036 rit
1001 1945 1037 2006 tu
1059 1941 1105 2008 sis
1128 1941 1242 2008 sciens.

829 2047 961 2112 Hanno.

402 2151 431 2218 0
454 2153 497 2217 mi
520 2152 696 2236 popularis,
720 2153 821 2218 salve.

762 2259 1078 2334 Asonnsroonns.-
1163 2326 1168 2334 ,

873 2364 915 2428 Et
936 2368 971 2430 tu
994 2363 1118 2446 edepol,
1143 2363 1285 2445 quisquis
1309 2365 1354 2449 es,

400 2471 442 2534 Et
465 2469 493 2534 si
516 2467 594 2552 quid
617 2469 697 2551 opus
721 2474 778 2550 esi,
804 2488 933 2551 quaeso,
962 2468 1014 2533 die
1037 2473 1133 2551 atque
1155 2471 1279 2552 impera

400 2573 629 2657 Popularitaiis
651 2594 778 2642 oaussa.

837 2682 972 2748 Hanno.
1062 2735 1076 2750 .

840 2786 952 2852 Habeo
974 2785 1122 2867 gratiam.

402 2887 469 2955 Sed
492 2909 623 2973 eoquem
646 2890 884 2964 adulesodntem
906 2897 941 2958 tu
963 2891 1016 2958 hie
1038 2891 1155 2956 novisti
1170 2890 1435 2973 Agorastooldm?
1497 2900 1554 2970 (04)

760 2997 1045 3064 Aooansrocnns.

404 3100 568 3183 Siquidem
590 3102 776 3169 Antidamsii
799 3102 926 3185 quaeris
949 3102 1186 3186 adoptatitidm,

402 3208 472 3290 Ego
496 3228 566 3277 sum
588 3209 689 3293 ipsus,
714 3208 808 3293 quem
830 3214 865 3273 tu
888 3208 1027 3290 quaeris.

835 3314 971 3381 Hanno

1062 3422 1136 3485 Idm!
1161 3419 1239 3505 quid
1263 3440 1323 3503 ego
1346 3418 1465 3486 audid?

762 3529 1046 3594 Aeonrsroonss.

403 3627 594 3696 Antidamae
616 3632 749 3715 gnatum
771 3653 822 3699 me
846 3652 926 3699 esse.

835 3736 970 3806 Hanno,

571 3902 573 3911 .
986 3843 1021 3909 Si
1043 3843 1089 3908 ita
1111 3848 1171 3926 est,
1194 3842 1349 3909 tesseram

403 3944 553 4016 Conferre
576 3950 605 4013 si
627 3946 676 4014 vis
700 3946 901 4032 hospitalem,
925 3970 1033 4015 eseam
1056 3948 1158 4014 attuli.
1499 3955 1556 4026 (88)

402 4053 520 4130 Verum
543 4053 711 4136 enimego
734 4053 787 4119 hio
808 4053 966 4137 hospitem
988 4055 1092 4120 haheo
1110 4052 1302 4118 Antidamae
1325 4052 1433 4118 filiium.
1499 4063 1556 4132 (82)

330 4286 411 4341 1020.
429 4285 464 4342 A.
484 4286 641 4357 adueniam,
660 4302 713 4342 om.
733 4287 781 4357 qui
793 4288 924 4363 irrideas.
968 4288 1047 4343 1021.
1066 4285 1102 4343 D.
1121 4276 1319 4352 sicophantam.
1357 4286 1436 4343 1022.
1455 4284 1556 4354 migdi-

244 4380 283 4433 lix
304 4375 354 4431 Aa
374 4373 409 4433 D.
427 4374 556 4443 miodiiix,
574 4374 606 4429 P.
625 4375 759 4433 nundilia.
831 4379 910 4433 1023.
939 4378 1021 4434 eodd.
1041 4373 1252 4441 bisuleilingua:
1270 4390 1322 4430 ser.
1339 4373 1554 4443 bisuloilinguis.

248 4463 331 4519 1024.
351 4460 386 4517 A.
407 4460 478 4517 hano
496 4478 523 4531 p.
536 4461 608 4519 hino.
628 4462 663 4518 D.
683 4462 784 4521 aufers.
812 4465 919 4519 Deinde
933 4479 1086 4534 conpesoas
1099 4462 1134 4518 A.
1161 4461 1290 4530 Denique
1304 4463 1335 4519 P.
1355 4468 1416 4517 taee
1435 4480 1463 4531 p.
1482 4462 1553 4521 fase.
1584 4518 1590 4525 ,

249 4550 329 4606 1025.
350 4548 386 4603 A.
406 4563 458 4603 orn.
477 4552 516 4603 tu.
553 4548 659 4605 Versus
678 4551 790 4606 videtur
809 4555 929 4621 spurius.
1013 4551 1093 4607 1026.
1116 4551 1146 4605 P.
1165 4564 1242 4605 meus
1261 4554 1306 4605 est
1324 4551 1556 4620 consanguineus.

248 4638 329 4695 1027.
351 4636 383 4691 D.
404 4635 555 4705 Cartagini.
590 4638 699 4695 Deinde
716 4645 820 4709 gnatus
838 4642 873 4695 A.
892 4642 940 4697 D.:
969 4642 1009 4696 Ῥ.
1027 4643 1120 4695 natus.
1157 4638 1284 4706 Denique
1302 4639 1440 4698 A.·siens.
1477 4641 1557 4714 1028.

247 4727 281 4783 D.
301 4723 369 4777 mihi
388 4738 415 4789 p.
434 4723 480 4781 mi.
518 4724 597 4780 1029:
616 4727 646 4781 P.
666 4744 720 4783 om.
739 4730 783 4785 Et.
798 4730 846 4787 1).
865 4745 917 4785 om.
937 4734 991 4785 esi:
1012 4728 1088 4781 dieat
1107 4741 1178 4794 quae
1196 4727 1309 4795 impera.
1347 4727 1557 4782 Versum1030

247 4812 351 4867 dehine
370 4802 513 4878 excipiunt·
529 4812 558 4867 in
577 4814 657 4870 codd.
676 4821 787 4885 praeter
804 4816 838 4871 A.
858 4816 985 4873 omnibus
1004 4833 1031 4871 v.
1051 4816 1124 4868 1030
1143 4819 1172 4867 et
1190 4813 1267 4883 alter,
1287 4815 1322 4868 de
1342 4830 1397 4883 quo
1415 4831 1442 4871 v.
1461 4819 1556 4871 notam

249 4903 286 4955 ad
306 4888 518 4957 huno'versum.
558 4902 637 4959 1031.
656 4904 690 4963 D.
701 4904 771 4961 haee
784 4920 874 4975 quem.
913 4907 991 4962 1032.
1012 4901 1173 4958 Antidamai
1183 4902 1312 4957 Bothius:
1330 4903 1366 4959 A.
1377 4902 1558 4971 Antidamati,

249 4989 280 5045 P.
292 4984 514 5065 Antidamarehi‚
532 4990 567 5048 D.
577 4991 815 5049 Anthidamarohi.
847 4993 926 5063 1034.
944 4992 980 5049 A.
990 4994 1065 5047 itast.
1085 4990 1120 5046 D.
1132 4990 1201 5047 P.te
1220 5006 1283 5044 esse
1301 4991 1355 5045 iam
1374 5006 1401 5056 p.
1412 4993 1557 5045 tesseram.

249 5073 329 5132 1035.
350 5072 386 5132 A.
398 5070 541 5160 comique,
551 5078 581 5134 P.
593 5079 689 5135 eonfer
698 5084 734 5136 ie.
774 5081 853 5138 1036.
866 5078 946 5139 codd.
958 5095 1021 5134 eum
1032 5079 1066 5140 A.
1077 5093 1174 5154 omnes
1185 5094 1266 5136 emm.
1277 5078 1357 5152 enim,
1366 5075 1556 5155 quodaddidi.

1403 5173 1421 5227 5
