4000 6050
275 504 347 574 (111,
369 505 400 574 2,
418 503 524 574 e-m)
805 500 1002 560 rennuens.

229 683 276 748 lbi
300 681 483 748 habitdnt:
506 680 551 746 ibi
574 700 629 748 eos
651 679 832 762 eonspiuias
853 699 952 762 quem
970 682 1154 764 prnettrem
1177 683 1316 766 ssepiius

226 787 338 854 Hodie
367 787 453 854 iuris
476 786 630 854 neutidres
652 806 717 851 non
740 790 823 866 sunt,
848 786 903 867 qui
925 786 997 852 lites
1021 787 1140 869 eretnt,

230 893 344 970 Quam
373 893 411 958 hi
437 897 520 975 sunt,
545 895 600 975 qui
622 892 650 958 si
672 892 717 957 nil
740 896 799 973 est,
823 892 951 971 quinum
972 891 1106 976 litigent,
1130 894 1201 960 lites
1225 895 1341 960 emunt
1499 904 1556 974 (10)

809 996 1002 1063 Anvounm.
1452 1039 1456 1046 ·

233 1104 275 1168 Di
299 1111 340 1172 te
369 1105 524 1189 perdant.

826 1208 989 1274 annro.

556 1313 621 1378 Vns
644 1310 773 1394 quidem
794 1311 903 1382 hercle
925 1315 1134 1397 eumedium,
1157 1315 1270 1398 quiqui
1291 1314 1400 1381 tumen

188 1429 219 1482 teo
234 1420 272 1483 lit
295 1421 392 1486 bene
418 1417 451 1482 et
472 1418 610 1500 benigne
632 1417 746 1499 finitis,
770 1437 866 1499 quom
889 1440 943 1486 ero
966 1421 1089 1487 aminti
1111 1439 1243 1502 operam
1267 1420 1364 1486 detis·
1405 1462 1409 1471 ·

233 1525 301 1590 Sed
326 1525 389 1590 isti
413 1523 481 1588 idm
504 1525 616 1606 sciunt,
639 1524 748 1606 negdti
771 1524 847 1607 quid
871 1528 936 1592 sit?

764 1630 1050 1697 Auounsnuenns.

988 1735 1123 1802 Omnem
1145 1756 1212 1802 rem
1235 1735 1356 1802 ordine.

825 1841 990 1906 Murrum.

237 1948 327 2010 Tum
351 1964 415 2011 vos
440 1944 581 2010 Animum
604 1945 763 2013 advortite
785 1946 896 2028 igitur:
920 1946 1006 2012 hune
1027 1966 1086 2013 vos
1109 1948 1256 2014 idnenem
1276 1949 1401 2030 Lyeum

238 2052 404 2116 Novistis.

809 2156 1003 2223 Anvoomr.

485 2260 604 2326 Facile.

742 2395 745 2426 ι
787 2366 1032 2432 Oouunntscus.

628 2471 672 2536 At
693 2472 749 2555 pol
771 2471 831 2554 ego
855 2491 937 2552 eum,
962 2490 1027 2552 que
1048 2470 1209 2554 sitfdeie,
1229 2472 1349 2538 nescii).
1503 2481 1559 2552 (15)

241 2575 331 2640 Eum
354 2576 431 2642 void
455 2575 534 2641 mihi
558 2575 780 2643 demonstretis
805 2575 974 2642 hominem·

811 2683 1005 2748 Anvoes'rr.

989 2786 1056 2853 ries
1079 2786 1268 2853 eurabimds.

192 2899 229 2953 585
246 2891 338 2959 Satis
363 2892 570 2976 praeseptum
593 2898 652 2960 est·

763 2996 1051 3063 Auunssuoenns.

664 3104 725 3171 Hiu
746 3102 904 3169 trudentes
927 3123 1073 3170 nummos
1094 3104 1277 3172 nimerates
1299 3103 1407 3170 habet.

811 3209 1006 3275 Anvocnnu.

250 3318 343 3402 Ergo
366 3318 427 3383 nds
449 3316 607 3400 inspicere
631 3315 755 3399 opdrtet
776 3314 859 3380 istue
881 3314 1003 3397 aurum,
1021 3313 1264 3398 Agorastocles,
1302 3299 1305 3305 ¹

250 3425 294 3489 Ut
319 3424 472 3504 seidmus,
498 3420 575 3504 quid
598 3420 744 3487 distemus
765 3440 843 3486 mou
863 3441 921 3505 prp
944 3420 1135 3487 testimonii).

771 3526 1055 3593 Auonnsrocnns.

252 3636 363 3719 Agite,
386 3632 546 3716 inspicite.

758 3790 762 3806 .
791 3734 1037 3803 Ounumrscus.

587 3845 707 3909 Aurum
731 3848 780 3909 est
802 3842 945 3925 profecto
967 3841 1039 3923 hoe,
1063 3840 1269 3924 speetatdres‚
1292 3839 1458 3907 eomieim:
1505 3851 1562 3921 (20)

253 3950 420 4017 Meeersito
443 3949 505 4015 hue
527 3950 664 4033 pingues
687 3948 770 4013 fiunt
793 3948 927 4014 euroin
950 3946 1102 4014 bdrbarie
1124 3945 1234 4012 boues.

202 4060 240 4117 590
255 4058 376 4124 Verum
399 4055 443 4121 ad
465 4055 549 4121 hdne
572 4075 639 4121 rem
662 4053 826 4136 agundam
847 4053 1032 4136 Philippum
1055 4058 1114 4119 est.

378 4386 440 4443 577.
468 4385 502 4444 D.
520 4386 552 4445 P.
580 4402 660 4443 emm.
679 4384 757 4441 iuris.
802 4384 912 4447 Deinde
929 4385 961 4443 P.
981 4383 1127 4441 doctiores.
1201 4384 1262 4442 578.
1291 4385 1403 4452 quinum
1420 4383 1457 4441 A
1476 4381 1562 4457 seius,

259 4475 337 4543 quod
355 4477 440 4531 ceteri
458 4490 571 4544 prorsus
590 4460 671 4530 onim.
717 4472 826 4528 Deinde
845 4474 957 4542 litigent
970 4472 1009 4530 A.
1028 4472 1117 4527 solus:
1147 4472 1183 4527 D.
1201 4473 1232 4529 P.
1252 4472 1348 4531 litium.
1384 4471 1512 4542 Denique
1529 4473 1567 4530 A.

260 4564 327 4619 lites
347 4567 451 4631 emunt,
478 4562 513 4619 D.
542 4564 606 4617 lites
625 4566 743 4631 semunt,
762 4562 792 4615 Ρ.
810 4561 874 4615 lites
894 4564 997 4616 serunt.
1043 4560 1105 4617 579.
1125 4560 1161 4618 A.
1181 4560 1263 4616 DUM.
1278 4560 1390 4624 oliuu.
1426 4561 1495 4623 lude
1514 4577 1567 4621 ser.

259 4652 446 4709 commodum.
463 4651 499 4708 V.
519 4666 574 4721 quo
594 4666 655 4706 mee
674 4651 749 4719 quin,
766 4650 801 4703 D.
815 4664 876 4718 ·qu0
896 4664 957 4704 meo
976 4663 1068 4717 quom,
1086 4650 1116 4703 P.
1136 4649 1307 4706 commendo.
1376 4638 1439 4707 581.
1457 4665 1568 4707 omnem

260 4758 318 4797 rem
338 4739 437 4795 ordine
456 4739 643 4795 Camerarius:
663 4738 698 4799 D.
718 4738 792 4807 inp.
811 4754 879 4807 rem,
896 4738 927 4791 P.
948 4751 1029 4792 omne
1048 4737 1077 4790 in
1095 4736 1200 4806 ordine,
1218 4738 1253 4796 A.
1268 4753 1378 4794 omnem
1391 4738 1420 4791 in
1434 4740 1566 4798 ordinem.

259 4830 321 4889 584.
341 4828 377 4887 A.
397 4828 463 4884 mihi
481 4828 555 4887 uuio.
604 4826 666 4886 585.
685 4826 722 4881 A.
739 4830 949 4895 praeesptunst,
968 4826 1053 4879 ueteri
1072 4840 1154 4885 orum.
1172 4831 1223 4885 est.
1265 4828 1327 4885 588.
1340 4827 1488 4889 .D..totum
1505 4842 1565 4882 ver·

262 4934 323 4973 sum
342 4916 443 4971 tribuit
459 4916 646 4986 Agorastocli,
673 4915 705 4973 P.
724 4912 925 4971 stiamverba:
954 4928 1053 4975 aurum
1082 4921 1132 4983 est,
1159 4931 1231 4984 quse
1258 4916 1293 4973 A.
1322 4915 1480 4985 Deilybiseo
1503 4915 1566 4975 det

260 5004 373 5061 Deinde
391 5002 516 5071 profecto
535 5002 588 5061 hoe
606 5003 641 5060 A.
661 5001 750 5058 solus:
779 5002 876 5057 ueteri.
889 5015 972 5059 omm.
990 5000 1052 5062 hue.
1088 5002 1216 5071 Denique
1241 5004 1273 5061 P.
1292 5004 1418 5059 nimirum
1435 5016 1463 5070 p.
1482 5006 1565 5063 unni.

262 5108 335 5155 eum.
373 5093 436 5149 590.
448 5091 485 5153 A.
496 5092 665 5161 agundumst
679 5089 870 5161 philippium,
887 5090 919 5149 P.
931 5088 1102 5162 philippeum
1114 5096 1165 5147 est.
1183 5088 1292 5147 Deinde
1310 5091 1346 5148 A
1359 5090 1565 5153 adsimulemus
1616 5088 1622 5097 ’

1396 5190 1432 5243 3*
