4000 6050
283 487 342 564 (v,
356 461 400 562 a,
413 489 513 561 qa-e,
532 494 561 562 c)
812 489 1011 552 eburneus.

847 673 982 738 Hunno·
1237 730 1240 738 ,

633 777 823 846 Iamdudum
847 777 993 860 equidem
1017 778 1113 860 cipio
1135 782 1166 843 et
1188 781 1220 844 te
1242 778 1369 860 sequor.

769 886 1053 952 Aconnsnooers·

414 987 508 1070 Quid,
531 989 560 1054 si
582 1009 692 1056 eamus
714 991 779 1058 illis
802 989 954 1059 obviem?

843 1097 980 1161 Hanno.

1017 1197 1061 1262 At
1082 1217 1123 1262 ne
1145 1198 1300 1270 intervias

413 1303 691 1387 Praeterbitamus‚
716 1249 832 1372 metuo.
878 1304 996 1386 Magne
1019 1303 1172 1386 Iuppiter,

412 1411 556 1476 Restitue
578 1409 644 1475 cert
645 1430 681 1476 as
632 1411 781 1477 tmihi
804 1431 846 1477 cx
866 1409 995 1476 interos
1017 1429 1102 1475 nunc
1124 1408 1216 1490 opes!

768 1517 1052 1584 Aconssrocnes.
1138 1582 1140 1586 ,

412 1619 670 1702 Meos-equidem
694 1623 818 1689 amores
841 1639 966 1688 mecum
988 1617 1114 1686 cdnfido
1138 1617 1215 1684 iord.

415 1724 481 1790 Sed
504 1744 596 1791 eccas
619 1726 713 1793 video
736 1730 835 1810 ipsas.

843 1833 978 1898 Hunno.

852 1969 854 1976 v
892 1936 1034 2004 Haecine
1056 1935 1149 2005 mbae
1170 1939 1244 2003 sunt
1264 1932 1373 1999 filiae?

411 2043 558 2120 Quantae
581 2065 599 2110 e
622 2041 785 2125 quantillis
807 2042 872 2106 iam
896 2046 968 2107 sunt
983 2040 1120 2106 iactae?

766 2147 1052 2214 nuonnsnocnns.
1105 2130 1110 2139 ’

611 2338 616 2346 .
1143 2242 1219 2315 Scin
1242 2250 1319 2332 quid
1342 2251 1413 2316 est?

409 2357 578 2426 Preoiosae
602 2358 689 2426 sint:
713 2358 901 2428 adcoclum
925 2355 1049 2426 sistolli
1072 2355 1185 2422 solent.

161 2705 164 2869 Ῐ
371 2739 1268 2808 mnnnnnsnnn.nnrnnnsn1n1s.Aconnsnoonns
1314 2721 1473 2804 Hunno(

698 2941 700 2948 .
776 2885 1038 2950 Annnrnnsrort

161 2952 163 3047 l
272 2991 352 3057 Fuit
375 2987 468 3056 hodio
492 2990 610 3074 operae
633 2991 771 3095 pretium
793 2991 944 3073 ouusvls,
969 3008 1024 3073 qur
1014 2988 1227 3076 amabilitati
1243 2986 1384 3054 animum
1399 2984 1561 3068 adiiceret,

162 3048 163 3114 ¹
273 3097 388 3163 Oculis
411 3096 524 3179 epulas
548 3096 637 3179 dare,
661 3085 828 3164 delubrum
851 3098 879 3164 si
901 3097 996 3163 hodie
1019 3102 1166 3163 ornatum
1187 3094 1327 3161 invisere
1349 3096 1445 3161 venit

161 3197 164 3378 ᾧ
272 3202 435 3267 Deamavi
458 3202 583 3269 ecastor
604 3202 670 3267 illic
692 3202 789 3268 hodie
812 3203 1026 3286 lepidissuma
1048 3203 1181 3267 munera
1202 3199 1404 3265 meretricium

189 3319 251 3373 1165
312 3308 419 3389 Digna
443 3305 520 3374 diva
542 3307 767 3375 venustissima
781 3309 914 3391 Venere,
937 3307 1042 3390 neque
1064 3305 1243 3389 contempsi
1265 3304 1333 3371 eius
1351 3304 1451 3370 ¹hodie
1473 3302 1562 3386 opes.

273 3416 383 3480 Tanta
404 3414 448 3481 ibi
471 3416 565 3497 eopia
581 3418 782 3481 venustatum
806 3413 929 3497 aderat,
952 3414 986 3478 in
1003 3433 1060 3479 suo
1077 3410 1192 3495 cuique
1206 3413 1277 3477 loco
1293 3411 1355 3476 sita
1370 3408 1499 3475 munde·
1521 3418 1560 3489 (5)

276 3519 405 3586 Arabus
427 3521 585 3586 murrinus
608 3519 788 3621 complebat
810 3517 890 3586 oddr
912 3520 1029 3586 omnia.
1054 3515 1184 3585 sordere
1205 3515 1294 3583 haud
1315 3515 1420 3582 visust

336 3845 414 3907 1155.
433 3848 468 3906 D.
487 3848 535 3905 illi.
573 3848 682 3905 Deinde
700 3849 780 3906 codd.
801 3848 886 3904 ceteri
905 3849 1065 3920 interulas,
1084 3848 1119 3903 A.
1138 3845 1273 3902 interulis.
1338 3844 1418 3901 115c.
1437 3848 1561 3914 praeter-

214 3940 219 3949 ·
253 3932 376 3989 bibamus
395 3934 585 3993 Damerarius:
616 3938 652 3993 V
670 3936 902 4008 procumbitur>
905 3937 1151 4006 ,praeterbiterta
1178 3935 1209 3989 P.
1228 3932 1368 4004 perierint,
1396 3934 1432 3989 de
1450 3933 1486 3988 A.
1504 3949 1561 3989 non
1593 3942 1595 3944 ’

253 4020 352 4089 liquet.
425 4023 505 4082 1158.
534 4024 614 4084 codd.
644 4042 705 4083 cum
733 4027 769 4085 A.
789 4040 885 4081 omncs
904 4040 957 4095 ego
983 4025 1095 4095 quidem
1117 4038 1208 4079 meoet
1236 4038 1289 4078 scr.
1317 4035 1394 4076 meos
1422 4023 1560 4091 equidem.

253 4109 336 4165 1160.
354 4110 385 4166 P.
404 4116 432 4165 et
451 4114 611 4182 quantillae.
650 4117 729 4175 1161
745 4116 780 4172 V.
798 4114 921 4169 Thraece
935 4118 1003 4168 sunt
1013 4113 1168 4182 coelumne
1188 4113 1222 4169 D
1236 4113 1332 4168 threoe
1346 4117 1412 4168 sunt
1424 4111 1560 4181 columne

254 4198 289 4253 P.
308 4198 397 4255 Trcoe
417 4206 482 4255 sunt
470 4202 624 4257 tc'elonue.
656 4204 724 4259 Inde
744 4218 795 4258 scr
815 4173 963 4257 Precicsac
982 4206 1058 4257 sunt.
1078 4201 1114 4256 ad
1132 4199 1249 4255 coelum.
1287 4199 1322 4257 A.
1341 4200 1382 4255 ID
1393 4239 1561 4258 ..........

337 4374 506 4444 Adelphasio
526 4377 597 4432 haec
616 4378 661 4433 dal
682 4379 713 4435 P.
733 4393 804 4447 quae
816 4378 907 4448 uulgo
928 4377 1093 4433 Anterastili
1113 4375 1281 4431 tribuuntur.
1330 4377 1410 4434 1162,
1429 4376 1464 4433 D.
1483 4377 1561 4446 cinis,

254 4464 287 4517 P.
305 4461 377 4518 eiust
394 4462 505 4518 Brixlus
525 4465 622 4522 cuiuis.
642 4482 694 4526 scr,
713 4466 844 4523 cuiusvis.
874 4466 909 4525 D.
929 4467 1060 4544 adiceret,
1078 4465 1109 4521 P.
1122 4464 1263 4522 adiecerit.
1301 4466 1380 4521 1163.
1399 4464 1480 4523 codd.
1499 4466 1560 4535 qui:

255 4564 306 4605 scr.
327 4550 359 4603 si.
396 4549 504 4607 Deinde
523 4553 643 4610 invisere
662 4553 789 4609 Botbius:
810 4554 890 4609 codd.
910 4570 971 4609 cum
992 4553 1027 4610 A.
1045 4564 1080 4607 eo
1097 4553 1196 4607 visere.
1271 4554 1351 4609 1164.
1376 4553 1457 4609 codd.
1476 4554 1561 4609 ceteri

254 4637 310 4690 illic
329 4652 384 4707 ogo
402 4638 494 4711 hodie,
513 4641 547 4695 A.
558 4658 592 4697 eo
611 4659 638 4711 p.
649 4656 713 4711 ego,
730 4641 805 4711 quod
816 4642 921 4699 delevit
934 4642 1065 4697 Weisius.
1103 4640 1183 4697 1165.
1202 4640 1284 4695 codd.
1295 4642 1379 4696 celeri
1391 4656 1462 4711 opus
1470 4638 1561 4711 hodie,

255 4726 286 4779 P.
297 4740 365 4793 opes
374 4742 401 4795 p.
412 4743 495 4796 opus:
517 4746 569 4787 scr.
580 4728 662 4786 hodie
673 4744 746 4797 opes.
786 4731 866 4788 1166.
876 4732 911 4787 A.
926 4732 1052 4800 quicque,
1070 4730 1106 4786 D.
1115 4731 1227 4799 quique,
1245 4729 1277 4783 P.
1288 4744 1413 4798 quoque:
1430 4744 1484 4785 scr.
1503 4730 1560 4783 cui·

255 4828 318 4880 que.
356 4815 435 4872 1167.
454 4815 566 4872 Ara-bus
585 4818 722 4873 murrinos
741 4818 810 4873 odor
827 4818 971 4875 Charisius
990 4834 1017 4887 p.
1039 4820 1091 4873 123
1110 4818 1154 4875 ed.
1173 4817 1249 4873 Keil:
1268 4817 1349 4875 codd.
1369 4834 1429 4872 oum
1448 4817 1484 4873 A.
1503 4832 1560 4871 orn-

254 4916 317 4955 nes:
336 4901 459 4957 Arabius
477 4906 681 4975 murrinusquo.
719 4906 829 4974 Deinde
848 4908 939 4963 omnia
957 4908 1146 4963 Camerarius:
1178 4906 1258 4963 codd.
1277 4907 1374 4961 omnis.
1412 4906 1560 4960 Praeterea

254 4990 331 5046 codd.
352 4989 440 5043 omnis
458 4992 527 5047 odor
544 4993 716 5062 complebat:
736 5009 788 5048 scr.
809 4994 967 5063 complebat
984 4995 1053 5050 odor
1071 4996 1172 5051 omnia.
1208 4994 1335 5061 Denique
1353 4992 1466 5049 sordere
1484 4991 1560 5046 haud

254 5078 342 5136 visust
360 5078 495 5137 Weisius:
526 5079 561 5138 A.
580 5080 655 5137 haud
673 5080 786 5138 sordere
803 5083 901 5155 uisust,
920 5082 1006 5138 ceteri
1024 5083 1104 5139 visus
1121 5086 1174 5142 est.
