4000 6050
411 583 453 650 73
990 567 1130 626 PLAUP!
1405 510 1409 516 ἱ
1437 571 1483 644 (V,
1500 573 1526 643 4,
1543 571 1664 644 tto-64)

919 747 1202 814 Aooansroonns.

340 863 411 922 1215
434 855 534 938 Nmro,
558 859 681 938 muno,
701 854 738 920 tu
760 851 846 935 frugi
867 852 971 919 bonae
993 851 1039 920 ts.
1062 852 1118 919 vin
1139 852 1223 920 hano
1246 873 1306 938 ogo
1330 853 1553 938 tdprondam‘?

987 958 1132 1024 fimo

1612 1063 1712 1132 Tonb·

929 1168 1232 1235 Annnrnrsrunv

490 1277 541 1343 An
562 1280 694 1362 patrnos
717 1275 777 1356 ost,
800 1273 1038 1357 Agorastoolts,
1061 1280 1134 1341 tuos
1156 1272 1231 1340 hio?

921 1379 1203 1444 Aoonnsrocnns.

1264 1482 1353 1547 'Iam
1375 1481 1452 1548 fdxo
1475 1481 1581 1548 suibis.

489 1593 580 1658 Nunc
603 1611 663 1674 ogo
686 1590 740 1673 pol
762 1595 794 1656 to
817 1589 953 1656 uloisoar
975 1589 1085 1674 probo,
1108 1608 1184 1654 num
1207 1587 1284 1654 faxo
1306 1589 1369 1654 oris
1391 1607 1465 1654 moa
1487 1605 1616 1670 sponsa.

993 1695 1128 1768 Hunno,

488 1802 534 1868 Ito
555 1801 589 1867 in
611 1803 675 1869 ius:
698 1800 739 1868 nt
763 1800 941 1868 moramini.

918 1905 1202 1970 Auonnsnoonns.

964 2011 1135 2078 Antestare
1156 2030 1208 2076 rna
1230 2010 1326 2093 Atque
1350 2007 1439 2077 duos.

848 2121 850 2126 '
996 2117 1132 2182 Hunno.
1527 2105 1534 2132 ¹

488 2224 557 2306 Ego
581 2229 613 2291 to
635 2221 831 2290 antosttbor.

918 2327 1202 2393 Aoonrsnoonns.

882 2431 998 2498 Postea
1020 2430 1104 2498 htno
1126 2431 1242 2498 amabo
1265 2436 1361 2513 atquo
1384 2430 1585 2514 tmploxaoo.
1653 2440 1710 2513 (60)

487 2536 553 2606 Sed
573 2536 649 2604 illua
672 2536 759 2621 quod
781 2535 876 2619 vblui,

454 2651 457 2662 '
928 2643 1192 2710 Aonnrnnsrurr.

914 2750 1023 2816 Doioa.

917 2855 1201 2921 Aoonrsuoonns.
1311 2897 1322 2914 .,

1041 2960 1142 3026 Immo
1164 2956 1274 3027 horale
1294 2957 1372 3042 dixi,
1396 2956 1482 3041 quod
1503 2958 1661 3028 volebam.

991 3066 1128 3132 HAuno

489 3171 669 3240 Moramini:
693 3174 727 3238 in
748 3172 798 3237 ius
821 3190 880 3237 vos
902 3172 993 3254 roob,
1016 3170 1080 3237 nisi
1101 3168 1282 3238 honestidst
1303 3170 1469 3256 prehendi.

566 3348 569 3353 ,
927 3268 1191 3344 Annnrr'sssrun.

489 3380 574 3461 Quid
596 3382 630 3447 in
652 3383 703 3448 ius
725 3382 824 3449 vonas
846 3384 928 3451 nos?
951 3382 1030 3466 quid
1050 3382 1109 3449 tibi
1132 3379 1309 3450 debemus?

919 3487 1201 3553 Aoonrsnoonns.

1345 3592 1426 3657 Dion
1448 3595 1483 3657 tn
1504 3591 1562 3658 illi.
1635 3639 1639 3661 .

929 3698 1190 3765 Annnrnrsmn.

488 3804 594 3871 Etiam
615 3822 666 3869 mo
689 3801 780 3870 natae
803 3803 922 3869 latrant
944 3803 1065 3870 oants‘?

491 4175 570 4234 1215.
588 4178 668 4233 Nuno
686 4178 783 4245 patruo
800 4178 832 4229 tu
851 4174 924 4247 frugi
941 4176 1033 4232 bonae
1051 4192 1081 4231 os
1099 4176 1134 4234 A.
1154 4177 1240 4247 solus,
1269 4175 1318 4245 qui
1336 4175 1405 4231 bueo
1423 4174 1517 4232 omnia
1534 4176 1714 4247 Agorastocli

410 4264 521 4321 tribuit:
549 4263 628 4321 codd.
647 4264 732 4320 autori
751 4263 849 4334 Agor.
868 4264 948 4321 Nuno
967 4268 1032 4319 tene
1051 4268 1157 4333 patruo.
1193 4264 1249 4321 Ha.
1273 4264 1317 4318 Tu
1336 4261 1409 4333 irugi
1433 4265 1456 4318 si
1473 4262 1565 4320 bonas
1583 4279 1622 4321 os.
1659 4264 1714 4321 Da·

411 4351 476 4408 inda
493 4354 528 4411 A.
546 4354 595 4407 vin
612 4352 684 4408 hano
704 4366 756 4422 ogo
776 4348 990 4420 adprehendam.
1009 4352 1094 4409 Tene.
1138 4351 1174 4407 D.
1192 4352 1223 4409 P.
1250 4351 1299 4404 vin
1329 4364 1381 4419 ego
1409 4350 1481 4405 huno
1500 4350 1714 4425 adprehendam,

405 4436 464 4496 om.
483 4440 567 4498 Touo.
604 4439 683 4499 1216.
702 4438 736 4494 Ι),
755 4437 824 4494 haoa
842 4455 869 4509 p.
889 4438 943 4497 hio.
978 4440 1013 4497 V.
1033 4439 1136 4498 stibus.
1174 4440 1253 4494 1217.
1272 4453 1325 4508 ago
1343 4439 1390 4507 pol
1411 4472 1443 4481 -
1464 4440 1518 4495 eris
1534 4455 1597 4496 moa
1615 4440 1651 4497 A.
1671 4456 1713 4497 so

410 4526 468 4585 lust
488 4528 573 4583 ostani
590 4528 637 4599 pol
656 4542 708 4598 ego
728 4556 761 4569 -
780 4541 843 4582 moa
862 4526 924 4582 oris.
962 4527 1042 4583 1218.
1060 4528 1091 4583 P.
1110 4528 1200 4595 uiap.
1218 4527 1272 4583 ius.
1309 4526 1343 4584 D.
1356 4528 1387 4583 P.
1406 4531 1496 4583 toturn
1514 4543 1626 4584 uersum
1646 4528 1714 4584 dant

411 4615 551 4691 Hannoni,
569 4621 693 4673 axtrorna
710 4616 833 4673 Weisius
852 4614 950 4671 tribuit
967 4615 1156 4687 Agorastooii.
1185 4614 1220 4670 A.
1239 4618 1383 4671 antatarae
1401 4632 1428 4685 p.
1448 4621 1596 4673 antestare.
1635 4617 1715 4677 1219.

413 4702 494 4759 oodd.
511 4709 602 4759 totum
620 4718 730 4759 vorsum
749 4703 818 4759 dant
830 4704 1017 4776 Agorastooli‚
1035 4703 1162 4774 equidem
1179 4702 1268 4759 verbs
1284 4703 1338 4758 tria
1355 4704 1449 4772 priora
1459 4704 1597 4761 Hannoni.
1635 4705 1715 4760 latu

411 4792 446 4849 V.
466 4792 532 4862 quid
550 4808 577 4861 p.
597 4792 681 4861 quod.
716 4791 826 4847 Deindo
852 4792 889 4847 A.
918 4792 965 4861 qui
993 4807 1055 4847 oum
1082 4790 1391 4847 monasteriorum
1408 4806 1519 4847 vorsum
1538 4792 1717 4861 Agorastocli

411 4878 517 4948 tribuit,
536 4876 654 4949 deicere,
670 4878 705 4936 D.
723 4879 755 4936 P.
773 4879 873 4950 dioore,
893 4880 927 4936 V.
947 4880 1024 4937 deos.
1070 4878 1140 4935 Inda
1158 4878 1447 4949 Bothius'Adoiph.
1466 4880 1544 4938 Diuo.
1589 4880 1717 4950 Denique

412 4968 505 5023 hornia
523 4966 580 5021 dixi
598 4965 634 5021 A.
655 4965 742 5021 solus:
763 4966 849 5023 aeteri
868 4965 925 5021 dixi
943 4966 1045 5024 barolo.
1091 4968 1171 5023 1221.
1190 4966 1225 5025 D.
1243 4966 1275 5023 P.
1293 4980 1365 5022 vooo
1383 4983 1443 5024 nos.
1492 4968 1571 5027 1222.
1590 4968 1626 5024 D.
1643 4966 1718 5022 diost

412 5070 439 5125 p.
458 5055 519 5111 dios
537 5059 577 5123 tu,
595 5055 626 5111 P.
645 5053 715 5109 dioo.
753 5053 832 5114 1223.
851 5052 886 5110 A.
906 5068 961 5111 orn.
980 5069 1035 5110 nra.
1070 5054 1101 5114 P.
1120 5053 1248 5109 Etiamne
1266 5069 1319 5111 nno.
1354 5054 1495 5126 Adelph.
1515 5056 1655 5112 adlatrant
1672 5070 1716 5111 oa·

413 5158 463 5200 nos
483 5174 516 5185 -
535 5141 660 5198 alludito.
