4000 6050
197 913 229 966 635

293 504 364 576 (111,
385 507 415 578 3,
438 502 558 579 30-46)
637 569 640 585 ἡ
814 501 1014 566 nondumne.
1520 521 1565 590 39

843 684 970 752 Ludus.

409 788 514 858 Credo
536 788 643 855 herele
665 786 790 853 vdbeis:
814 787 861 854 ita
882 796 992 858 vostra
1015 792 1065 862 eu
1087 792 1280 878 benignitus.
1507 804 1565 875 (30)

409 895 476 964 Sed
498 895 576 979 quid
598 913 683 962 nune
705 893 827 961 aditis?
1020 886 1023 889 ’

812 997 1025 1070 Anvoeam.

860 1107 954 1174 Hune
977 1106 1228 1194 chlamydatum,
1252 1130 1346 1194 quem
1368 1111 1472 1194 vides,

406 1210 704 1280 uniuersitatem.

785 1317 1037 1386 andnumans.

740 1423 846 1507 Capiti
868 1424 976 1490 vestro
999 1423 1081 1494 istun
1104 1424 1244 1508 quidem.

812 1528 1005 1596 Annonam.
1253 1605 1260 1622 Ι

408 1635 501 1700 Hune
523 1653 618 1717 nune,
642 1636 739 1719 Lyae,
764 1633 807 1702 nd
828 1641 860 1702 te
885 1633 1102 1718 enipiundum
1125 1634 1324 1703 adducimus.

787 1739 1034 1808 commende.

410 1846 491 1912 Oum
513 1844 637 1928 praeda
659 1845 712 1911 hie
733 1845 829 1914 hddie
852 1844 979 1914 innudet
1002 1846 1136 1916 venatur
1159 1844 1297 1917 domim.

410 1953 515 2019 Canes
538 1951 733 2034 eompellunt
755 1950 788 2018 in
811 1951 928 2033 plagis
951 1951 1059 2034 lepide
1082 1953 1203 2035 lupum.

847 2057 971 2125 Lucus.

407 2163 485 2242 Quis
508 2161 561 2227 hie
584 2164 654 2229 esti

810 2266 1003 2336 devocem.

683 2371 850 2440 Nescimus
873 2391 931 2440 una
953 2372 1084 2455 quidem
1106 2374 1203 2442 istum
1226 2375 1280 2459 qui
1302 2374 1371 2456 siet,

405 2480 474 2547 Nisi
496 2476 617 2544 dudum
640 2476 734 2542 mdne
758 2477 801 2542 ad
823 2483 948 2560 portum
971 2481 1018 2544 uti
1040 2481 1265 2564 proeessimda

404 2587 448 2651 At
470 2584 622 2652 eeeieium
644 2582 662 2648 e
685 2583 761 2650 navi
784 2584 953 2654 exeuntem
976 2585 1126 2655 oneraria
1238 2569 1242 2574 ’

406 2691 569 2758 Videmus.
593 2688 674 2756 Adiit
696 2688 740 2758 ad
762 2706 821 2759 uos
845 2689 1007 2772 extemplo
1031 2690 1152 2761 exiens.

408 2796 546 2864 Salutat:
570 2794 813 2878 respondemus,

781 2901 1031 2969 Ouenmeeus,

830 3005 975 3075 Mdrialie
998 3006 1116 3074 maldsl

405 3116 447 3183 Ui
467 3113 687 3197 ingrediuntur
710 3112 803 3189 doute
824 3113 858 3185 in
881 3111 1142 3195 sycophantiam!

840 3220 965 3285 nuens.

403 3323 489 3402 Quid
512 3322 652 3391 deinde?

805 3429 999 3497 Annonam.

693 3534 881 3605 Sdrmonem
902 3535 947 3603 ibi
969 3538 1136 3602 nobiseum
1159 3533 1299 3617 copulat.

402 3640 455 3710 Ait
477 3660 513 3707 ee
537 3643 739 3724 peregrinum
763 3660 835 3713 esee
858 3640 951 3709 huius
975 3643 1124 3723 ignarum
1146 3639 1268 3723 oppidi·

401 3748 522 3814 Lueum
545 3746 605 3815 sibi
627 3747 712 3813 uelle
734 3747 868 3816 liberum
891 3745 1083 3829 praehendr,

400 3854 462 3919 Ubi
484 3873 622 3935 nequam
645 3852 752 3919 faeiat.
777 3872 836 3919 noe
858 3851 1020 3920 hominem
1043 3851 1087 3917 ad
1108 3857 1140 3917 te
1164 3849 1367 3920 adduximus.
1498 3860 1555 3931 (45)

399 3960 458 4041 Tu,
483 3959 529 4025 sei
551 3964 583 4025 te
606 3957 659 4023 dei
681 3963 800 4038 amant,
824 3978 886 4041 age
907 3958 996 4025 tuam
1019 3978 1102 4028 rem:
1129 3957 1258 4026 ueeaeio
1281 3957 1340 4024 est.

1154 2780 1168 2826 1

329 4218 391 4275 634.
411 4215 509 4272 uobeie
527 4216 562 4274 A.
598 4216 707 4272 Deinde
726 4222 828 4273 uestra.
865 4216 992 4285 Denique
1011 4217 1047 4272 D.
1064 4218 1096 4275 P.
1115 4232 1195 4273 emm.
1215 4219 1267 4272 eet.
1332 4216 1393 4273 635.
1412 4216 1448 4275 A.
1467 4222 1556 4273 totum

243 4324 361 4363 versum
380 4305 429 4360 dat
447 4306 533 4375 Lyce.
551 4307 586 4363 D.
606 4306 788 4363 clamidatam.
826 4306 887 4361 636.
906 4306 1007 4361 iratusi
1025 4306 1060 4363 A.
1079 4305 1171 4361 uulua:
1189 4303 1289 4373 reliqui
1308 4304 1394 4359 iratus
1414 4310 1465 4362 est.
1501 4307 1556 4361 De-

244 4397 312 4451 inde
333 4394 369 4454 A.
388 4399 489 4451 uestro.
509 4394 540 4453 P.
559 4394 646 4463 capiti
663 4409 730 4449 vero
749 4398 853 4449 vostro.
891 4394 953 4451 637.
972 4394 1007 4451 D.
1025 4394 1087 4450 liae.
1124 4393 1234 4450 Deinde
1252 4392 1439 4462 diripiundum
1457 4395 1492 4452 A.
1512 4411 1556 4449 so-

242 4486 299 4541 lus:
324 4484 409 4539 ueteri
427 4481 619 4549 diripiendum.
666 4484 728 4541 638.
747 4482 781 4535 Ι).
802 4482 832 4540 P.
851 4482 925 4537 reda.
954 4482 985 4537 P.
1005 4480 1118 4540 incedit.
1163 4482 1224 4539 639.
1243 4482 1338 4549 lupum
1357 4482 1393 4540 A.
1412 4482 1501 4537 solus:
1520 4483 1556 4541 D.

241 4576 369 4644 Lycum,
398 4570 473 4640 quod
501 4571 531 4627 P.
550 4586 665 4639 prorsus
683 4586 738 4627 em.
809 4570 871 4625 640.
901 4570 1014 4639 quidem
1032 4571 1117 4624 istum
1134 4570 1183 4625 A:
1210 4569 1296 4624 eeieri
1323 4570 1407 4624 istum
1436 4571 1554 4639 quidem.

243 4664 308 4717 641.
330 4674 413 4715 mane
429 4662 473 4716 At
491 4661 577 4715 ueteri
596 4677 613 4715 a
631 4673 720 4717 mune.
737 4657 847 4715 Deinde
866 4658 901 4713 ad
921 4663 1030 4727 portum
1048 4659 1090 4713 uti
1108 4659 1239 4715 Buthius:
1259 4658 1339 4717 codd.
1359 4676 1422 4713 eum
1441 4659 1476 4718 A.
1495 4675 1551 4715 em-

243 4766 294 4805 nea
319 4754 350 4803 ui
369 4748 405 4803 ad
424 4750 540 4816 pedum.
597 4748 658 4805 642.
677 4745 759 4801 eodd.
778 4762 840 4801 eum
860 4746 895 4804 A.
914 4762 1011 4802 omnes
1029 4748 1123 4816 Aeque
1141 4747 1241 4806 iatum:
1277 4764 1330 4803 ser.
1349 4748 1389 4803 At
1408 4748 1552 4803 eeeisium.

243 4836 277 4893 ef.
298 4838 396 4893 adnot.
416 4836 453 4891 ad
470 4837 546 4893 Trin.
565 4852 593 4891 v.
613 4837 665 4891 186
683 4851 711 4903 p.
732 4836 792 4890 139.
866 4835 1134 4893 illuminamus.
1207 4836 1268 4892 645.
1287 4836 1322 4892 D.
1341 4837 1552 4905 simulandam.
1630 4877 1634 4883 .

242 4928 306 4983 646.
325 4924 367 4981 ibi
384 4923 530 4979 nobiseum
548 4926 584 4981 A.
595 4924 692 5003 ‘solues
723 4923 807 4979 ueteri
834 4923 978 4979 nobiseum
1000 4923 1048 4983 ibi.
1084 4925 1119 4979 D.
1139 4925 1280 4993 eepulaui.
1351 4926 1413 4983 647.
1432 4926 1554 4993 Ὴςίτ.

242 5015 305 5071 649.
323 5014 361 5071 D.
380 5010 466 5069 faeiei
484 5044 518 5055 -—
537 5028 591 5072 um.
610 5014 647 5068 ad
665 5018 703 5071 te.
776 5011 837 5071 050.
855 5012 897 5067 sei
916 5015 944 5066 te
963 5012 1008 5067 dei
1026 5012 1075 5069 A:
1104 5013 1188 5067 ueteri
1208 5014 1233 5068 ai
1250 5019 1279 5069 te
1296 5012 1334 5071 di.
1371 5014 1479 5069 Deinde
1498 5029 1552 5085 age

244 5100 409 5157 Acidalius:
430 5100 510 5159 eedd.
529 5116 592 5157 eum
609 5100 645 5160 A.
664 5116 758 5157 omnes
778 5115 870 5171 agere.
905 5100 1034 5170 Denique
1053 5101 1088 5157 A.
1108 5102 1254 5158 eeeasieet.
1310 5166 1322 5179 ³
