4000 6050
1021 551 1157 613 rnnnnr
1396 501 1407 514 ’
1450 547 1553 622 (rme,
1573 548 1692 618 14-24)
1750 617 1754 626 ,

950 731 1232 797 Aeonasnocnns.

591 838 673 904 Eum
695 857 754 906 ves
778 857 884 905 meum
907 837 979 905 esse
1002 856 1128 903 servom
1151 834 1263 901 scitis?

994 943 1187 1010 Anvocnrr.

1269 1044 1442 1112 *Scivimds

950 1153 1231 1220 Aeonnsnccnns.
1373 1155 1377 1160 ’

592 1260 674 1326 Rem
694 1259 852 1334 advorsus
874 1258 986 1342 pdpuli
1009 1277 1108 1340 saepe
1132 1257 1245 1339 leges?

995 1363 1188 1431 Anvoonnr.

1280 1449 1445 1517 Seivimr'rs.

951 1558 1232 1624 Aconrsnocnns.

591 1664 651 1728 Em
673 1665 773 1731 istaec
796 1664 871 1730 volo
894 1664 972 1746 drgo
996 1682 1056 1730 vos
1079 1660 1334 1728 commeminisse
1357 1660 1475 1743 omnia,

594 1769 667 1834 Mox
690 1770 733 1836 ed
755 1769 936 1854 praetdrcm
958 1788 1031 1837 eum
1054 1788 1131 1835 usus
1154 1766 1270 1836 veniet

993 1874 1186 1940 Anvocnnr.

1301 1961 1510 2028 Meminimris.

951 2068 1236 2134 Aconnsrocnns.

593 2170 677 2249 Quid
700 2171 727 2238 si
750 2171 868 2238 recenti
891 2192 925 2239 re
949 2172 1047 2239 aedes
1071 2173 1214 2255 priltcm‘l

996 2279 1190 2344 Anvocrrr.

1273 2367 1407 2433 Censed.

959 2457 1241 2521 Aconnsrocnns.
1357 2485 1361 2492 ·

524 2585 525 2592 ¹
591 2560 625 2625 Si
649 2561 769 2643 pultem
793 2568 825 2627 et
848 2562 911 2626 ndn
935 2561 1101 2628 recludet?

995 2667 1190 2732 Anvocnnr.

950 2846 952 2850 ¹
1131 2771 1261 2836 Pdrtam
1284 2771 1434 2854 frangitd.

951 2875 1234 2946 Aconnsrocnns.
1321 2893 1325 2902 ·

594 2979 629 3046 Si
651 2981 763 3048 exierit
784 2982 868 3066 leno,
893 2981 970 3064 quid
993 2982 1090 3049 tnnc?
1113 2980 1273 3048 hdminem
1295 2980 1497 3064 interrogem,
1690 2989 1745 3057 (20)

592 3088 681 3154 Meus
705 3106 815 3155 servos
838 3087 882 3154 dd
904 3109 975 3155 eum
997 3089 1185 3155 veneritne?

998 3194 1191 3260 Anvocnnr.

1326 3280 1501 3363 Quippini?

953 3387 1234 3452 Accensrocnns.

595 3491 675 3558 Cum
699 3491 768 3557 auri
792 3490 935 3557 ducentis
958 3491 1095 3557 nummis
1117 3489 1311 3574 Philippici

995 3596 1188 3661 Anvocnrr·
1263 3680 1267 3687 ⁸

903 3764 905 3771 Ι
1328 3685 1505 3770 Quippinl‘l

823 3842 828 3851 .
889 3827 904 3845 ·
953 3791 1235 3857 Aconnsrocnns.

594 3898 642 3964 Ibi
665 3896 824 3979 extemplo
847 3895 920 3961 leno
943 3895 1072 3962 errabit.

998 4000 1191 4066 Anvocanr.

1126 4104 1198 4183 Qua
1221 4105 1262 4171 de
1285 4108 1344 4173 re?

954 4210 1235 4277 Aeonasrocnns.

1376 4299 1509 4381 Regias?

273 4464 279 4477 .
369 4395 424 4449 725
594 4388 678 4466 Quia
701 4393 824 4453 centurn
849 4388 985 4453 mimmis
1010 4388 1114 4454 minus
1137 4388 1267 4455 dicetur.

995 4494 1188 4559 Anvocnrr.

1310 4584 1399 4648 Bene
1421 4583 1526 4665 putas.

522 4716 871 4784 marcescerent.
946 4717 1007 4771 717.
1036 4716 1140 4772 Charis.
1160 4732 1187 4785 p.
1206 4717 1261 4771 240
1279 4716 1323 4772 cd.
1342 4715 1405 4770 Keil
1432 4731 1486 4786 ego
1514 4731 1565 4769 vos
1584 4715 1745 4770 meminisse.
1777 4708 1781 4714 ’

443 4803 503 4860 718.
523 4803 602 4859 codd.
622 4818 684 4856 curn
704 4804 739 4857 ad
758 4807 926 4871 praetorem:
947 4819 999 4859 scr.
1019 4803 1054 4857 ad
1073 4808 1226 4872 praetorem
1245 4820 1317 4863 cnm.
1347 4805 1456 4860 Deinde
1475 4805 1510 4860 V.
1528 4803 1745 4858 memiminirnns.

443 4892 503 4946 720.
533 4890 612 4947 codd.
632 4904 714 4945 omm.
730 4894 766 4958 et,
796 4889 871 4959 qnod
889 4890 993 4947 addidi.
1029 4892 1064 4949 D.
1082 4892 1208 4950 recludit.
1245 4893 1353 4947 Dcinde
1378 4892 1412 4948 V.
1432 4893 1467 4947 D.
1486 4908 1594 4960 panem,
1611 4892 1644 4965 P.
1663 4890 1747 4959 pede:

442 4994 494 5033 scr.
513 4982 631 5046 portam.
687 4979 748 5032 721.
768 4978 802 5032 A.
823 4978 890 5046 quid
909 4984 975 5036 tum.
994 4977 1032 5034 cf.
1051 4994 1123 5048 quae
1142 4981 1199 5035 dini
1219 4981 1254 5035 ad
1274 4996 1301 5035 v,
1320 4981 1382 5037 698,
1418 4981 1452 5037 V.
1472 4979 1603 5049 censeris,
1623 4979 1657 5033 D.
1677 4995 1694 5032 n
1711 4995 1746 5034 nr.

442 5082 484 5133 pr.
494 5082 603 5133 censeo,
623 5070 776 5122 correctum
795 5067 823 5121 in
842 5072 966 5137 censent,
983 5068 1015 5121 P.
1028 5068 1156 5125 censetis.
1193 5069 1255 5125 722.
1274 5066 1354 5124 codd.
1376 5083 1474 5124 seruus
1493 5068 1516 5121 si
1536 5065 1585 5120 nd:
1605 5066 1695 5121 delevi
1715 5067 1745 5119 si.

444 5151 503 5211 725.
523 5154 604 5212 codd.
624 5154 769 5214 diceretur.
788 5155 827 5227 P.,
846 5155 893 5224 qui
911 5155 980 5211 haec
998 5154 1176 5225 Agorastocli
1194 5155 1305 5213 tribuit:
1324 5156 1403 5212 Bone
1420 5154 1550 5226 putastis.
