4000 6050
1017 543 1156 610 555555
1478 553 1511 625 (5,
1527 556 1553 618 s,
1571 554 1690 629 45-55)

957 721 1219 797 5555555555.

583 834 689 919 Soror,
713 855 820 918 poree,
843 836 973 902 amtbo:
998 835 1326 904 5515511515551155
1685 848 1751 917 (40)

331 1015 338 1035 .
433 931 548 1009 Dioere
571 941 612 1006 dd
634 941 739 1010 nobis.
763 962 804 1009 ne
825 942 950 1010 ndsmet
972 949 1082 1010 nostra
1104 943 1200 1009 511155
1221 942 1303 1009 vitia
1324 941 1518 1025 eloquemur.

959 1049 1223 1116 555555555555.

584 1151 720 1232 Quiesoo
743 1173 830 1238 ergo.

959 1261 1223 1330 Aonnennsmn·

837 1365 919 1431 Amd
940 1371 986 1432 te.
1010 1367 1069 1433 sed
1089 1369 1151 1435 hdo
1171 1386 1255 1434 nuno
1278 1366 1450 1451 respdnde:

364 1479 418 1534 250
436 1470 516 1537 Sunt
538 1471 599 1554 hio,
624 1491 707 1554 quoe
729 1471 772 1537 dd
795 1471 888 1539 deum
912 1491 1026 1554 pacem
1048 1473 1165 1541 adesse
1187 1473 1335 1557 oportet?

731 1593 734 1602 ·
959 1578 1224 1646 Annnonsosms.

1331 1681 1448 1748 055515
1470 1681 1629 1747 55555551.

951 1790 1236 1856 Aoonnsnocnns.

469 1899 471 1904 '
588 1891 682 1959 Diem
705 1892 850 1975 polorum
873 1894 1085 1961 5155155555
1108 1899 1148 1961 et
1161 1893 1337 1960 5555515115
1360 1893 1507 1976 51555555

586 1999 729 2080 Digmim
750 1998 874 2065 Venere
897 1999 961 2082 pol,
986 2000 1060 2083 quoi
1083 2006 1156 2066 sunt
1177 1998 1373 2084 Aphrodisia
1394 1998 1499 2065 hodie.
1691 2008 1753 2077 (45)

1009 2105 1173 2170 dinemo.

587 2209 710 2291 quuid
732 2208 856 2292 gratiae
879 2208 938 2292 551,
962 2229 1034 2276 oum
1056 2209 1119 2277 555
1142 2208 1230 2275 fords
1253 2208 1464 2276 1555555511

437 2316 520 2382 Nom
542 2334 594 2381 me
617 2312 812 2379 (1555155515
836 2312 1199 2400 555551515155155151
1223 2312 1275 2379 dio
1298 2313 1376 2378 dari.
1437 2390 1445 2402 Ι

365 2425 419 2480 255
504 2420 558 2486 Nil
579 2417 778 2501 respondes?
801 2424 835 2484 ut
856 2439 918 2501 ego
941 2423 1064 2503 opinor,
1088 2421 1185 2486 511555
1206 2411 1318 2502 lingua
1338 2419 1414 2485 5515
1436 2416 1563 2485 51551511.

507 2524 591 2604 Quid
614 2524 676 2607 515,
700 2525 828 2608 melum,
852 2523 985 2591 55151555
1008 2524 1224 2609 obstupuisti‘?

958 2630 1241 2696 555555555555.

1099 2734 1176 2802 Sine
1199 2755 1317 2802 omem:
1340 2753 1381 2800 55
1405 2733 1704 2799 5515555551555.

1014 2840 1177 2906 nmmo.

507 2951 624 3016 Toeeo.

955 3051 1238 3117 Aoonssnoonns.

640 3156 675 3222 Si
698 3155 865 3239 tacuisses,
888 3155 952 3221 iam
975 3158 1057 3223 15155
1078 3157 1186 3223 Τ5555
1207 3156 1271 3223 non
1294 3161 1424 3239 gnatum
1448 3152 1539 3220 15551.
1692 3165 1750 3234 (to)

963 3262 1229 3328 555555555555.
1778 3248 1784 3254 ’

439 3414 440 3421 .
506 3374 636 3453 Eamus,
659 3369 732 3435 5555
756 3388 853 3435 55555.

967 3475 1228 3541 Α555555555555.

845 3580 948 3647 ¹Ithoi
973 3580 1098 3662 555555,
1123 3576 1200 3661 quid
1221 3576 1276 3642 illo
1299 3574 1382 3640 nino
1405 3575 1583 3659 properos?

965 3685 1230 3751 Α55555555555.

1572 3782 1707 3865 Rogds‘?

509 3899 593 3993 Quin
616 3916 689 3963 erus
713 3896 772 3963 555
796 3892 884 3979 apud
907 3892 1023 3961 aedem
1044 3892 1177 3960 Veneris
1199 3877 1333 3981 55555151.

548 4175 610 4231 248.
638 4173 717 4232 oodd.
736 4189 818 4230 omm.
838 4172 882 4244 de,
906 4173 981 4243 qnod
1006 4169 1110 4227 addidi.
1147 4168 1182 4228 V.
1200 4167 1236 4227 D.
1255 4170 1364 4224 nosmet
1390 4164 1419 4219 in
1445 4167 1551 4222 nostro.
1588 4162 1697 4220 Deinde
1715 4163 1750 4221 V.

440 4265 544 4333 uitiam,
562 4264 593 4320 D.
607 4266 638 4317 ut
650 4264 713 4320 1555.
736 4263 865 4332 Denique
878 4261 1039 4330 5155555555
1051 4258 1241 4314 Η555555555;
1260 4254 1340 4314 codd.
1354 4253 1508 4323 loquamur.
1544 4252 1606 4309 249.
1628 4251 1750 4317 11515555

440 4368 508 4422 ergo
527 4351 693 4407 Gulielmus:
712 4349 794 4407 oodd.
813 4349 942 4414 Quiesce.
961 4348 1036 4418 Ergo
1056 4349 1175 4401 555515.
1211 4342 1320 4398 Deinde
1338 4341 1418 4398 oodd.
1436 4338 1572 4409 responde
1591 4338 1670 4393 mihi:
1704 4340 1750 4395 de·

440 4442 510 4496 levit
527 4439 593 4494 55151
616 4438 743 4495 Weisius.
799 4436 860 4495 250.
880 4435 959 4492 oodd.
979 4434 1089 4491 addunt
1105 4433 1217 4489 omnin
1234 4436 1300 4503 poet
1317 4431 1384 4500 hio,
1411 4429 1487 4500 quod
1506 4428 1606 4485 delevi.
1642 4426 1750 4481 Deinde

440 4528 575 4598 praebent
602 4529 711 4596 oportet
738 4524 848 4581 adesse:
878 4540 931 4581 ser.
960 4523 1060 4580 adeste
1088 4526 1207 4593 oportet.
1287 4521 1351 4577 252.
1379 4518 1461 4575 codd,
1488 4516 1599 4581 Veneri,
1626 4515 1657 4573 P.
1686 4514 1750 4571 sint.

441 4618 503 4675 253.
530 4614 637 4670 11115551
655 4614 803 4685 grotiaest:
832 4613 911 4670 oodd.
931 4628 1012 4669 55555.
1031 4616 1083 4668 est
1156 4610 1218 4665 254.
1242 4610 1277 4666 V.
1296 4610 1330 4666 D.
1349 4608 1413 4664 Jsm
1432 4622 1510 4673 5555,
1539 4604 1570 4659 P.
1589 4602 1652 4659 Jom
1670 4618 1750 4659 nono.

441 4706 540 4761 Deleto
568 4704 633 4758 1555
661 4702 787 4771 sequenti
811 4703 905 4758 versui
933 4702 1037 4757 inserui
1064 4698 1178 4755 etism.
1215 4694 1323 4750 Deinde
1347 4694 1417 4751 eodo
1442 4692 1539 4749 donari
1563 4691 1749 4746 Hermonnus:

442 4793 522 4852 eodd.
542 4790 638 4847 donari
657 4790 735 4859 eodo,
754 4789 807 4844 nisi
826 4790 899 4859 quod
917 4790 948 4846 P.
967 4790 1081 4846 donare.
1126 4783 1187 4840 255.
1206 4782 1242 4838 V.
1259 4798 1353 4838 55555
1370 4782 1435 4837 5515
1453 4780 1555 4836 excidit
1571 4783 1604 4834 ut
1621 4793 1674 4848 ego
1692 4778 1749 4847 opi-

442 4900 506 4954 555,
533 4880 631 4935 eodem
659 4876 806 4932 verborum
834 4877 930 4933 ordine
957 4877 991 4935 D.
1012 4881 1042 4932 et
1059 4876 1089 4931 P.
1117 4871 1171 4926 nisi
1188 4870 1265 4939 qnod
1283 4871 1367 4926 55555
1384 4885 1466 4927 5555.
1485 4869 1590 4935 lingon,
1608 4869 1639 4924 P.
1659 4871 1749 4922 551555

443 4970 556 5026 exhibet
573 4967 647 5023 15555
665 4982 692 5035 p.
711 4963 788 5020 huie:
808 4980 859 5021 555.
879 4970 910 5020 51
928 4978 981 5033 ego
1000 4964 1099 5032 opinor
1117 4959 1200 5015 etinm
1218 4957 1315 5025 lingna
1331 4957 1396 5012 huie
1413 4957 1526 5012 exoidit.
1561 4954 1624 5011 256.
1643 4954 1678 5012 V.
1698 4970 1749 5011 om.

443 5060 497 5119 hio.
532 5059 568 5115 V.
587 5057 621 5115 D.
641 5052 802 5125 opstituisti‚
830 5053 863 5109 P:
881 5050 1030 5120 5511551511,
1056 5045 1228 5106 camerarius
1246 5044 1415 5114 obstipuisti.
1451 5044 1559 5099 Deinde
1578 5044 1614 5100 V.
1633 5056 1666 5097 55
1686 5046 1750 5111 tote,

443 5148 478 5205 D.
497 5150 599 5216 551515,
618 5145 650 5200 Ρ.
669 5158 722 5200 om.
742 5145 876 5200 5551555.
913 5140 975 5197 258.
994 5140 1026 5199 Ρ.
1044 5139 1079 5195 D.
1097 5136 1162 5194 11115.
1198 5133 1262 5191 259.
1279 5133 1310 5192 P.
1326 5133 1361 5191 D.
1380 5133 1501 5190 55555151.
1581 5168 1584 5177 -
1686 5149 1689 5155 ·
