4000 6050
1027 550 1164 608 PLAUTI

841 818 1125 886 Aeonasroenns·
1181 817 1349 886 Mmemo:

957 942 1242 1010 Aeonesroenns.

592 1046 698 1130 Saepe
721 1065 782 1129 ego
805 1065 858 1115 res
880 1048 997 1114 miltes
1021 1048 1078 1116 tibi
1101 1046 1264 1130 mandatri,
1288 1049 1432 1134 Milphid,

591 1152 725 1235 Dubias,
750 1151 880 1235 egenas,
903 1152 1067 1237 inopidsas
1090 1153 1214 1235 eonsili,
1288 1189 1292 1196 ·

467 1287 472 1292 ·
591 1257 680 1335 Quas
703 1261 737 1323 tu
760 1258 931 1342 sapienter,
956 1257 1049 1324 doete
1072 1263 1104 1325 et
1126 1257 1257 1325 ebrdate
1279 1263 1311 1326 et
1333 1260 1404 1326 eate'

590 1360 667 1427 Mihi
690 1360 857 1430 reddidisti
879 1363 1032 1448 opiparis
1054 1382 1154 1447 opera
1175 1364 1241 1431 tub.
1403 1420 1408 1428 .

592 1466 715 1544 Quibus
738 1486 796 1550 pro
819 1467 996 1534 benefdetis
1020 1467 1123 1533 fateor
1145 1466 1255 1534 deberi
1277 1468 1336 1534 tibi

589 1557 632 1636 Et
655 1571 836 1639 libertatem
859 1579 890 1640 et
912 1574 1030 1640 multas
1053 1574 1194 1657 grindes
1218 1574 1350 1656 gratiis·
1415 1636 1421 1649 .

1016 1679 1181 1744 Mrnmro.

588 1781 708 1849 Seitum
732 1788 790 1866 est,
814 1802 871 1866 per
894 1783 1021 1868 tempus
1044 1784 1072 1850 si
1095 1783 1223 1850 obviarn
1246 1783 1305 1866 det,
1327 1785 1461 1852 verbum
1483 1786 1586 1853 vetris.

588 1889 671 1955 Nam
692 1893 769 1955 tuae
790 1887 966 1958 blanditiae
989 1889 1067 1955 mibi
1090 1895 1172 1971 sunt,
1197 1888 1283 1972 quod
1306 1887 1369 1956 diei
1392 1891 1483 1973 solet,

591 1993 712 2059 Gerrae
734 1994 916 2077 germinae,
941 1993 1057 2078 edepol
1079 1988 1186 2077 λῆροι,
1210 1988 1307 2077 ideas
1330 2000 1418 2063 meri.

588 2097 680 2164 Nune
702 2098 779 2164 mihi
802 2098 1006 2184 blandidicus
1029 2119 1079 2166 est
1104 2098 1173 2166 heri
1195 2101 1230 2165 in
1251 2105 1342 2183 tergo
1365 2103 1436 2168 med
1606 2126 1609 2131 ·
1690 2108 1750 2183 (ιο)

590 2202 662 2269 Tris
686 2203 782 2272 faeile
804 2203 906 2270 ebrios
930 2205 1107 2271 contrivisti
1130 2204 1277 2272 bubulos.
1620 2195 1625 2202 ’

631 2327 633 2332 ·
954 2309 1239 2375 Aoonssroenns.

587 2413 753 2480 Adamana
777 2431 835 2495 per
857 2413 998 2480 amdrem
1022 2414 1050 2480 si
1074 2413 1151 2497 quid
1173 2414 1245 2498 feei,
1269 2412 1413 2498 Milphio,

591 2519 639 2584 Te
660 2517 828 2601 ignoscere
850 2518 884 2585 id
907 2516 984 2584 mihi
1007 2537 1145 2602 aequom
1166 2525 1226 2588 est.

1013 2623 1178 2692 limante.
1342 2679 1345 2683 ,

1241 2731 1329 2796 Harii
1349 2730 1415 2809 vidi
1438 2736 1553 2816 magis.

587 2835 704 2903 Amore
726 2841 758 2903 et
780 2835 841 2919 dgo
864 2856 948 2904 nune
970 2853 1081 2918 pereo:
1106 2837 1176 2902 sine
1197 2835 1424 2916 teverbarem,
1536 2846 1545 2864 ‘

587 2944 667 3008 Item
689 2947 725 3008 ut
746 2945 780 3010 iu
803 2940 881 3007 mihi
900 2939 1005 3007 fecisti
1027 2943 1067 3007 ob
1090 2940 1212 3006 millam
1235 2941 1374 3007 noxia'm·

588 3048 667 3116 Post
688 3047 723 3114 id
745 3048 886 3115 loobrum
908 3052 943 3115 tu
965 3048 1010 3112 mi
1031 3046 1153 3112 amtnti
1175 3046 1343 3130 ignosciti-

952 3152 1237 3219 Aeoarsrocms.

571 3258 624 3341 ¹Si
646 3259 703 3324 tibi
725 3258 836 3327 lubido
859 3264 908 3326 est
930 3263 987 3325 aut
1009 3257 1176 3343 voldptati‚
1200 3257 1284 3324 sind:

590 3362 768 3447 Suspende,
790 3364 887 3445 vinei,
911 3364 1056 3445 verbera,
1080 3364 1191 3430 arietor
1212 3383 1294 3447 sum,
1318 3365 1397 3432 sind.

1015 3469 1178 3534 Mmrnro.

591 3575 624 3640 Si
647 3574 868 3641 alletoritatem
891 3574 1005 3658 postea
1028 3573 1200 3657 defugeris,

589 3679 652 3748 Ubi
674 3678 847 3773 dissoldtus
870 3685 904 3747 tu
927 3680 1001 3763 side,
1025 3700 1085 3764 ego
1108 3679 1277 3764 pandedm.

792 3792 793 3796 ’
955 3785 1239 3850 Aoosssroenns.
1395 3853 1397 3857 ,

588 3893 700 3974 Egone
721 3889 804 3956 istue
828 3890 929 3955 adsim
953 3889 1061 3957 faeere
1082 3889 1272 3971 praesertim
1294 3891 1375 3956 tibi?

589 3995 674 4074 Quin
698 3996 725 4061 si
749 3994 836 4062 feriri
858 3994 953 4063 video
976 3994 1018 4078 te,
1041 3996 1201 4079 extemplo
1225 3995 1319 4062 dolet·

1013 4100 1178 4165 lirnrnro.

554 4178 563 4197 ⁶
586 4205 665 4271 Mihi
689 4203 816 4287 quidem
839 4203 956 4271 berole-

530 4528 590 4583 127.
609 4526 645 4583 V.
665 4540 718 4581 om.
738 4538 792 4580 res.
829 4524 890 4579 130.
909 4523 952 4580 De
969 4523 1047 4579 hiatu
1066 4522 1101 4580 ef.
1120 4538 1193 4593 quae
1211 4523 1268 4581 dixi
1292 4522 1328 4578 ad
1346 4522 1421 4579 Trin.
1434 4539 1467 4593 p.
1488 4523 1548 4578 178.
1586 4524 1647 4579 132.
1666 4524 1747 4581 eodd.

439 4619 545 4687 grates:
566 4630 618 4670 ser.
637 4611 767 4684 grandes.
786 4610 821 4668 ei.
842 4610 922 4670 Ouro.
942 4612 989 4681 111,
1008 4613 1051 4670 35.
1098 4612 1158 4669 133.
1176 4612 1211 4671 V.
1230 4611 1265 4667 D.
1285 4609 1390 4667 Seitum
1409 4611 1477 4680 sip.
1496 4610 1628 4666 Scitumst
1647 4644 1679 4653 -
1700 4612 1747 4667 ob·

439 4704 511 4760 uiam
531 4701 554 4757 si
573 4718 601 4772 p.
620 4700 766 4757 obviamat.
784 4698 813 4753 P.
834 4698 892 4754 seio
911 4698 963 4754 hoe
985 4700 1044 4755 iam·
1059 4704 1103 4755 est
1119 4717 1145 4770 p.
1164 4700 1188 4757 si
1207 4699 1319 4757 obviam
1337 4704 1389 4758 eat.
1427 4698 1487 4756 135.
1505 4698 1540 4756 V.
1560 4699 1594 4758 D.
1613 4699 1748 4756 haedeeol

438 4809 465 4861 p.
485 4789 592 4860 edepol.
619 4786 728 4843 Deinde
746 4785 780 4844 D.
799 4786 867 4842 lirae
886 4787 944 4856 liro,
962 4787 996 4846 V.
1015 4787 1093 4858 lyrae
1112 4788 1180 4859 lyre,
1197 4789 1228 4844 P.
1246 4789 1325 4859 lyrae
1343 4787 1429 4859 lyrae.
1457 4785 1576 4841 Addidit
1594 4787 1660 4842 meri
1672 4787 1747 4843 Wei-

439 4879 505 4934 sius.
542 4874 887 4943 137.ef.ll0n.199‚15.
938 4875 998 4934 138.
1018 4876 1052 4931 V.
1071 4876 1105 4934 D.
1124 4875 1198 4932 feeit.
1246 4877 1307 4933 139.
1325 4873 1403 4931 eodd·
1422 4874 1568 4944 ignoseere
1587 4874 1616 4930 id
1634 4879 1675 4929 te:
1694 4890 1747 4933 ser.

438 4970 466 5020 te
485 4966 627 5037 ignoseere
645 4962 683 5020 id.
721 4961 781 5021 140.
800 4963 881 5019 eodd.
900 4968 925 5019 ei
946 4978 999 5033 ego
1019 4979 1093 5019 nune
1112 4979 1216 5021 amoro:
1235 4980 1287 5022 ser.
1307 4978 1399 5019 amore
1418 4967 1446 5017 et
1464 4977 1517 5031 ego
1536 4977 1617 5020 nene.
1644 4963 1674 5020 P.
1693 4978 1746 5019 om.

437 5052 506 5109 haut
524 5052 590 5111 vidi.
642 5050 702 5109 142.
719 5048 754 5109 V.
769 5050 807 5121 J).
827 5050 956 5113 ioearum,
975 5052 1007 5110 P.
1026 5053 1132 5122 loquar.
1188 5051 1248 5111 143.
1266 5052 1297 5107 P·
1315 5051 1467 5120 voluptas..
1497 5050 1558 5109 145.
1577 5051 1611 5109 V.
1630 5050 1665 5109 D.
1683 5054 1748 5119 post

438 5156 486 5199 era
504 5156 530 5213 p.
549 5143 657 5211 posteo.
705 5138 764 5197 149.
784 5138 819 5197 D.
832 5139 868 5195 P.
887 5140 972 5195 Immo
990 5139 1064 5196 istue
1081 5139 1218 5210 mavelim,
1236 5156 1290 5199 om.
1308 5138 1375 5195 mihi
1394 5143 1423 5195 et
1441 5153 1563 5209 persona
1579 5136 1746 5208 Milphionis.
