<?xml version="1.0" encoding="UTF-8"?>
<!DOCTYPE html PUBLIC "-//W3C//DTD XHTML 1.0 Transitional//EN"
    "http://www.w3.org/TR/xhtml1/DTD/xhtml1-transitional.dtd">
<html xmlns="http://www.w3.org/1999/xhtml" xml:lang="en" lang="en">
 <head>
  <title>
</title>
<meta http-equiv="Content-Type" content="text/html;charset=utf-8" />
  <meta name='ocr-system' content='tesseract 3.04.00' />
  <meta name='ocr-capabilities' content='ocr_page ocr_carea ocr_par ocr_line ocrx_word'/>
</head>
<body>
  <div class='ocr_page' id='page_1' title='image "./macciplautipoen00plaugoog_0083.png"; bbox 0 0 4000 6050; ppageno 0'>
   <div class='ocr_carea' id='block_1_1' title="bbox 328 479 1033 631">
    <p class='ocr_par' dir='ltr' id='par_1_1' title="bbox 328 479 1033 631">
     <span class='ocr_line' id='line_1_1' title="bbox 328 479 1033 631; baseline -0.003 -46"><span class='ocrx_word' id='word_1_1' title='bbox 328 519 565 602; x_wconf 77' lang='grc'><strong>(1.1,10-01)</strong></span> <span class='ocrx_word' id='word_1_2' title='bbox 629 513 637 525; x_wconf 90' lang='grc'><em>·</em></span> <span class='ocrx_word' id='word_1_3' title='bbox 745 618 746 631; x_wconf 68' lang='lat'><strong>.</strong></span> <span class='ocrx_word' id='word_1_4' title='bbox 832 479 1033 626; x_wconf 69' lang='grc'><strong>10110100.</strong></span> 
     </span>
    </p>
   </div>
   <div class='ocr_carea' id='block_1_2' title="bbox 197 705 1585 2576">
    <p class='ocr_par' dir='ltr' id='par_1_2' title="bbox 151 705 1585 2576">
     <span class='ocr_line' id='line_1_2' title="bbox 772 705 1129 781; baseline 0.011 -7"><span class='ocrx_word' id='word_1_5' title='bbox 772 705 1079 781; x_wconf 69' lang='grc'><strong>100110100000·</strong></span> <span class='ocrx_word' id='word_1_6' title='bbox 1126 756 1129 760; x_wconf 91' lang='grc'><strong>-</strong></span> 
     </span>
     <span class='ocr_line' id='line_1_3' title="bbox 1034 794 1504 892; baseline -0.004 -14"><span class='ocrx_word' id='word_1_7' title='bbox 1034 840 1056 878; x_wconf 87' lang='grc'>.·</span> <span class='ocrx_word' id='word_1_8' title='bbox 1134 808 1184 877; x_wconf 77' lang='lat' dir='ltr'>lte</span> <span class='ocrx_word' id='word_1_9' title='bbox 1204 794 1359 890; x_wconf 64' lang='lat' dir='ltr'>intuma,</span> <span class='ocrx_word' id='word_1_10' title='bbox 1381 807 1504 892; x_wconf 72' lang='lat' dir='ltr'>patrus</span> 
     </span>
     <span class='ocr_line' id='line_1_4' title="bbox 798 917 1442 984; baseline -0.016 0"><span class='ocrx_word' id='word_1_11' title='bbox 798 917 1065 984; x_wconf 75' lang='grc' dir='ltr'><strong>1111110111.ιο</strong></span> <span class='ocrx_word' id='word_1_12' title='bbox 1266 963 1270 970; x_wconf 91' lang='grc'><strong>.</strong></span> <span class='ocrx_word' id='word_1_13' title='bbox 1438 970 1442 974; x_wconf 76' lang='grc'><strong>.</strong></span> 
     </span>
     <span class='ocr_line' id='line_1_5' title="bbox 358 1019 1585 1106; baseline -0.007 -14"><span class='ocrx_word' id='word_1_14' title='bbox 358 1024 401 1092; x_wconf 88' lang='lat' dir='ltr'>Ut</span> <span class='ocrx_word' id='word_1_15' title='bbox 423 1023 540 1106; x_wconf 80' lang='lat' dir='ltr'>volupe</span> <span class='ocrx_word' id='word_1_16' title='bbox 561 1027 613 1090; x_wconf 86' lang='lat' dir='ltr'>est</span> <span class='ocrx_word' id='word_1_17' title='bbox 634 1023 763 1106; x_wconf 81' lang='lat' dir='ltr'>homini,</span> <span class='ocrx_word' id='word_1_18' title='bbox 787 1039 860 1090; x_wconf 87' lang='lat' dir='ltr'>mea</span> <span class='ocrx_word' id='word_1_19' title='bbox 881 1021 982 1103; x_wconf 84' lang='lat' dir='ltr'>soror,</span> <span class='ocrx_word' id='word_1_20' title='bbox 1006 1020 1136 1104; x_wconf 86' lang='lat' dir='ltr'>siquod</span> <span class='ocrx_word' id='word_1_21' title='bbox 1158 1021 1238 1104; x_wconf 74' lang='lat' dir='ltr'>ugit,</span> <span class='ocrx_word' id='word_1_22' title='bbox 1258 1021 1346 1087; x_wconf 83' lang='lat' dir='ltr'>cluet</span> <span class='ocrx_word' id='word_1_23' title='bbox 1355 1019 1507 1087; x_wconf 71' lang='grc'><strong>,1101101111</strong></span> <span class='ocrx_word' id='word_1_24' title='bbox 1527 1028 1585 1098; x_wconf 83' lang='lat'>(20)</span> 
     </span>
     <span class='ocr_line' id='line_1_6' title="bbox 358 1121 1445 1210; baseline -0.002 -16.48"><span class='ocrx_word' id='word_1_25' title='bbox 358 1127 447 1195; x_wconf 73' lang='lat' dir='ltr'>sieut</span> <span class='ocrx_word' id='word_1_26' title='bbox 469 1148 528 1195; x_wconf 78' lang='lat' dir='ltr'>nos</span> <span class='ocrx_word' id='word_1_27' title='bbox 549 1127 646 1194; x_wconf 83' lang='lat' dir='ltr'>hodie</span> <span class='ocrx_word' id='word_1_28' title='bbox 668 1128 749 1195; x_wconf 70' lang='lat' dir='ltr'>inter</span> <span class='ocrx_word' id='word_1_29' title='bbox 771 1128 853 1194; x_wconf 74' lang='lat' dir='ltr'>anos</span> <span class='ocrx_word' id='word_1_30' title='bbox 876 1127 1093 1210; x_wconf 71' lang='lat' dir='ltr'>praestitimus</span> <span class='ocrx_word' id='word_1_31' title='bbox 1115 1125 1363 1210; x_wconf 70' lang='lat' dir='ltr'>putescum...</span> <span class='ocrx_word' id='word_1_32' title='bbox 1441 1121 1445 1128; x_wconf 82' lang='grc'>’</span> 
     </span>
     <span class='ocr_line' id='line_1_7' title="bbox 799 1235 1062 1300; baseline -0.008 0"><span class='ocrx_word' id='word_1_33' title='bbox 799 1235 1062 1300; x_wconf 58' lang='lat' dir='ltr'>musandum</span> 
     </span>
     <span class='ocr_line' id='line_1_8' title="bbox 360 1335 1466 1424; baseline -0.003 -18.636"><span class='ocrx_word' id='word_1_34' title='bbox 360 1337 464 1406; x_wconf 84' lang='lat' dir='ltr'>Stulta</span> <span class='ocrx_word' id='word_1_35' title='bbox 486 1359 532 1422; x_wconf 89' lang='lat' dir='ltr'>es,</span> <span class='ocrx_word' id='word_1_36' title='bbox 556 1340 656 1420; x_wconf 81' lang='lat' dir='ltr'>soror,</span> <span class='ocrx_word' id='word_1_37' title='bbox 679 1340 794 1424; x_wconf 78' lang='lat' dir='ltr'>magis,</span> <span class='ocrx_word' id='word_1_38' title='bbox 818 1356 914 1422; x_wconf 88' lang='lat' dir='ltr'>quam</span> <span class='ocrx_word' id='word_1_39' title='bbox 937 1339 1030 1410; x_wconf 54' lang='lat' dir='ltr'>volo.</span> <span class='ocrx_word' id='word_1_40' title='bbox 1048 1357 1091 1403; x_wconf 86' lang='lat' dir='ltr'>an</span> <span class='ocrx_word' id='word_1_41' title='bbox 1113 1356 1190 1403; x_wconf 86' lang='lat' dir='ltr'>vero</span> <span class='ocrx_word' id='word_1_42' title='bbox 1213 1338 1325 1420; x_wconf 82' lang='lat' dir='ltr'>puilcra</span> <span class='ocrx_word' id='word_1_43' title='bbox 1346 1335 1466 1416; x_wconf 86' lang='lat' dir='ltr'>videre,</span> 
     </span>
     <span class='ocr_line' id='line_1_9' title="bbox 299 1442 1208 1528; baseline -0.004 -17"><span class='ocrx_word' id='word_1_44' title='bbox 299 1443 453 1528; x_wconf 85' lang='lat' dir='ltr'>Obsecro,</span> <span class='ocrx_word' id='word_1_45' title='bbox 478 1446 506 1511; x_wconf 91' lang='lat' dir='ltr'>si</span> <span class='ocrx_word' id='word_1_46' title='bbox 528 1444 585 1512; x_wconf 90' lang='lat' dir='ltr'>tibi</span> <span class='ocrx_word' id='word_1_47' title='bbox 607 1444 654 1509; x_wconf 88' lang='lat' dir='ltr'>illi</span> <span class='ocrx_word' id='word_1_48' title='bbox 676 1442 740 1509; x_wconf 80' lang='lat' dir='ltr'>uon</span> <span class='ocrx_word' id='word_1_49' title='bbox 765 1464 800 1510; x_wconf 91' lang='lat' dir='ltr'>os</span> <span class='ocrx_word' id='word_1_50' title='bbox 824 1445 957 1514; x_wconf 88' lang='lat' dir='ltr'>oblitum</span> <span class='ocrx_word' id='word_1_51' title='bbox 979 1445 1030 1510; x_wconf 80' lang='grc'>001</span> <span class='ocrx_word' id='word_1_52' title='bbox 1049 1442 1208 1526; x_wconf 73' lang='lat' dir='ltr'>fuligine?</span> 
     </span>
     <span class='ocr_line' id='line_1_10' title="bbox 225 1537 1073 1618; baseline -0.007 2"><span class='ocrx_word' id='word_1_53' title='bbox 225 1537 240 1548; x_wconf 43' lang='lat'>³</span> <span class='ocrx_word' id='word_1_54' title='bbox 788 1557 1073 1618; x_wconf 77' lang='lat' dir='ltr'>Aeoausuocuns.</span> 
     </span>
     <span class='ocr_line' id='line_1_11' title="bbox 197 1655 876 1740; baseline 0 -18"><span class='ocrx_word' id='word_1_55' title='bbox 197 1665 277 1722; x_wconf 83' lang='lat'>1185</span> <span class='ocrx_word' id='word_1_56' title='bbox 363 1655 537 1740; x_wconf 76' lang='lat' dir='ltr'>opsono,</span> <span class='ocrx_word' id='word_1_57' title='bbox 560 1675 581 1722; x_wconf 96' lang='lat' dir='ltr'>o</span> <span class='ocrx_word' id='word_1_58' title='bbox 604 1655 718 1740; x_wconf 72' lang='lat' dir='ltr'>petrus</span> <span class='ocrx_word' id='word_1_59' title='bbox 741 1655 798 1722; x_wconf 84' lang='lat' dir='ltr'>mit</span> <span class='ocrx_word' id='word_1_60' title='bbox 868 1671 876 1692; x_wconf 88' lang='grc'>··</span> 
     </span>
     <span class='ocr_line' id='line_1_12' title="bbox 817 1761 1460 1832; baseline -0.016 -1"><span class='ocrx_word' id='word_1_61' title='bbox 817 1761 995 1832; x_wconf 68' lang='lat' dir='ltr'>,Hunno</span> <span class='ocrx_word' id='word_1_62' title='bbox 1115 1782 1120 1789; x_wconf 94' lang='lat'>·</span> <span class='ocrx_word' id='word_1_63' title='bbox 1450 1814 1460 1821; x_wconf 68' lang='grc'><strong>,</strong></span> 
     </span>
     <span class='ocr_line' id='line_1_13' title="bbox 785 1860 1585 1948; baseline -0.01 -16"><span class='ocrx_word' id='word_1_64' title='bbox 785 1863 870 1944; x_wconf 78' lang='lat' dir='ltr'>Quid</span> <span class='ocrx_word' id='word_1_65' title='bbox 893 1866 965 1932; x_wconf 76' lang='lat' dir='ltr'>ost?</span> <span class='ocrx_word' id='word_1_66' title='bbox 987 1863 1098 1932; x_wconf 83' lang='lat' dir='ltr'>fratris</span> <span class='ocrx_word' id='word_1_67' title='bbox 1120 1865 1183 1933; x_wconf 88' lang='lat' dir='ltr'>mei</span> <span class='ocrx_word' id='word_1_68' title='bbox 1204 1863 1313 1948; x_wconf 75' lang='lat' dir='ltr'>gutte,</span> <span class='ocrx_word' id='word_1_69' title='bbox 1336 1860 1415 1945; x_wconf 87' lang='lat' dir='ltr'>quid</span> <span class='ocrx_word' id='word_1_70' title='bbox 1436 1861 1511 1930; x_wconf 76' lang='lat' dir='ltr'>ris?</span> <span class='ocrx_word' id='word_1_71' title='bbox 1528 1869 1585 1938; x_wconf 78' lang='grc'><strong>(10)</strong></span> 
     </span>
     <span class='ocr_line' id='line_1_14' title="bbox 792 1971 1076 2040; baseline -0.032 0"><span class='ocrx_word' id='word_1_72' title='bbox 792 1971 1076 2040; x_wconf 75' lang='lat' dir='ltr'>Aoouusuocuns.</span> 
     </span>
     <span class='ocr_line' id='line_1_15' title="bbox 358 2076 802 2161; baseline 0.002 -18"><span class='ocrx_word' id='word_1_73' title='bbox 358 2078 402 2143; x_wconf 84' lang='lat' dir='ltr'>At</span> <span class='ocrx_word' id='word_1_74' title='bbox 423 2076 507 2144; x_wconf 91' lang='lat' dir='ltr'>euim</span> <span class='ocrx_word' id='word_1_75' title='bbox 531 2077 605 2146; x_wconf 84' lang='lat' dir='ltr'>volo</span> <span class='ocrx_word' id='word_1_76' title='bbox 627 2078 689 2146; x_wconf 82' lang='lat' dir='ltr'>hoc</span> <span class='ocrx_word' id='word_1_77' title='bbox 712 2097 802 2161; x_wconf 84' lang='lat' dir='ltr'>agas.</span> 
     </span>
     <span class='ocr_line' id='line_1_16' title="bbox 749 2183 1001 2248; baseline -0.016 0"><span class='ocrx_word' id='word_1_78' title='bbox 749 2227 752 2238; x_wconf 79' lang='lat'><strong>·</strong></span> <span class='ocrx_word' id='word_1_79' title='bbox 865 2183 1001 2248; x_wconf 74' lang='lat' dir='ltr'>Hunno.</span> 
     </span>
     <span class='ocr_line' id='line_1_17' title="bbox 810 2285 1158 2370; baseline -0.014 -16"><span class='ocrx_word' id='word_1_80' title='bbox 810 2289 854 2354; x_wconf 87' lang='lat' dir='ltr'>At</span> <span class='ocrx_word' id='word_1_81' title='bbox 874 2288 961 2356; x_wconf 87' lang='lat' dir='ltr'>enim</span> <span class='ocrx_word' id='word_1_82' title='bbox 983 2287 1047 2370; x_wconf 68' lang='lat' dir='ltr'>sigo</span> <span class='ocrx_word' id='word_1_83' title='bbox 1068 2285 1158 2352; x_wconf 89' lang='lat' dir='ltr'>istuc.</span> 
     </span>
     <span class='ocr_line' id='line_1_18' title="bbox 790 2393 1075 2460; baseline -0.018 0"><span class='ocrx_word' id='word_1_84' title='bbox 790 2393 1075 2460; x_wconf 77' lang='lat' dir='ltr'>Aconssuoeuns.</span> 
     </span>
     <span class='ocr_line' id='line_1_19' title="bbox 1151 2490 1583 2576; baseline -0.005 -16"><span class='ocrx_word' id='word_1_85' title='bbox 1151 2497 1270 2562; x_wconf 84' lang='lat' dir='ltr'>Patrue</span> <span class='ocrx_word' id='word_1_86' title='bbox 1292 2495 1337 2558; x_wconf 89' lang='lat' dir='ltr'>ml</span> <span class='ocrx_word' id='word_1_87' title='bbox 1358 2490 1583 2576; x_wconf 79' lang='lat' dir='ltr'>patruissume.</span> 
     </span>
    </p>
   </div>
   <div class='ocr_carea' id='block_1_3' title="bbox 866 2604 1003 2671">
    <p class='ocr_par' dir='ltr' id='par_1_3' title="bbox 866 2604 1003 2671">
     <span class='ocr_line' id='line_1_20' title="bbox 866 2604 1003 2671; baseline -0.036 -1"><span class='ocrx_word' id='word_1_88' title='bbox 866 2604 1003 2671; x_wconf 76' lang='lat' dir='ltr'><strong>Homo.</strong></span> 
     </span>
    </p>
   </div>
   <div class='ocr_carea' id='block_1_4' title="bbox 359 2691 1076 2882">
    <p class='ocr_par' dir='ltr' id='par_1_4' title="bbox 359 2691 1076 2882">
     <span class='ocr_line' id='line_1_21' title="bbox 359 2691 539 2789; baseline 0 -11"><span class='ocrx_word' id='word_1_89' title='bbox 359 2709 445 2789; x_wconf 82' lang='lat' dir='ltr'>Quid</span> <span class='ocrx_word' id='word_1_90' title='bbox 468 2691 539 2781; x_wconf 66' lang='lat' dir='ltr'>esti</span> 
     </span>
     <span class='ocr_line' id='line_1_22' title="bbox 791 2815 1076 2882; baseline -0.014 0"><span class='ocrx_word' id='word_1_91' title='bbox 791 2815 1076 2882; x_wconf 79' lang='lat' dir='ltr'>Aeonusuocuns.</span> 
     </span>
    </p>
   </div>
   <div class='ocr_carea' id='block_1_5' title="bbox 497 2918 1583 3305">
    <p class='ocr_par' dir='ltr' id='par_1_5' title="bbox 497 2918 1048 3006">
     <span class='ocr_line' id='line_1_23' title="bbox 497 2918 1048 3006; baseline -0.007 -18"><span class='ocrx_word' id='word_1_92' title='bbox 497 2923 556 2990; x_wconf 86' lang='lat' dir='ltr'>Est</span> <span class='ocrx_word' id='word_1_93' title='bbox 577 2920 688 3006; x_wconf 71' lang='lat' dir='ltr'>lepida</span> <span class='ocrx_word' id='word_1_94' title='bbox 710 2928 742 2990; x_wconf 85' lang='lat' dir='ltr'>et</span> <span class='ocrx_word' id='word_1_95' title='bbox 764 2922 866 2989; x_wconf 82' lang='lat' dir='ltr'>lauta:</span> <span class='ocrx_word' id='word_1_96' title='bbox 890 2925 926 2985; x_wconf 89' lang='lat' dir='ltr'>ut</span> <span class='ocrx_word' id='word_1_97' title='bbox 948 2918 1048 3001; x_wconf 77' lang='lat' dir='ltr'>sdpitl</span> 
     </span>
    </p>

    <p class='ocr_par' dir='ltr' id='par_1_6' title="bbox 789 3027 1583 3305">
     <span class='ocr_line' id='line_1_24' title="bbox 864 3027 1456 3093; baseline -0.01 1"><span class='ocrx_word' id='word_1_98' title='bbox 864 3027 1000 3093; x_wconf 78' lang='lat' dir='ltr'>Hunno.</span> <span class='ocrx_word' id='word_1_99' title='bbox 1453 3049 1456 3060; x_wconf 69' lang='lat'>=</span> 
     </span>
     <span class='ocr_line' id='line_1_25' title="bbox 924 3116 1583 3215; baseline -0.009 -17"><span class='ocrx_word' id='word_1_100' title='bbox 924 3130 1032 3199; x_wconf 84' lang='lat' dir='ltr'>Habet</span> <span class='ocrx_word' id='word_1_101' title='bbox 1052 3130 1157 3215; x_wconf 89' lang='lat' dir='ltr'>patris</span> <span class='ocrx_word' id='word_1_102' title='bbox 1179 3128 1353 3213; x_wconf 75' lang='lat' dir='ltr'>ingenium,</span> <span class='ocrx_word' id='word_1_103' title='bbox 1374 3116 1464 3210; x_wconf 67' lang='lat' dir='ltr'>&#39;spuod</span> <span class='ocrx_word' id='word_1_104' title='bbox 1486 3130 1583 3210; x_wconf 82' lang='lat' dir='ltr'>sapit.</span> 
     </span>
     <span class='ocr_line' id='line_1_26' title="bbox 789 3237 1073 3305; baseline 0 -2"><span class='ocrx_word' id='word_1_105' title='bbox 789 3237 1073 3305; x_wconf 77' lang='lat' dir='ltr'>Asonnsuoouus.</span> 
     </span>
    </p>
   </div>
   <div class='ocr_carea' id='block_1_6' title="bbox 356 3338 1585 3533">
    <p class='ocr_par' dir='ltr' id='par_1_7' title="bbox 151 3294 1585 3591">
     <span class='ocr_line' id='line_1_27' title="bbox 356 3338 1584 3427; baseline -0.007 -18.431"><span class='ocrx_word' id='word_1_106' title='bbox 356 3342 447 3419; x_wconf 76' lang='lat' dir='ltr'>Quae</span> <span class='ocrx_word' id='word_1_107' title='bbox 469 3345 543 3410; x_wconf 80' lang='lat' dir='ltr'>res?</span> <span class='ocrx_word' id='word_1_108' title='bbox 566 3343 631 3409; x_wconf 84' lang='lat' dir='ltr'>iam</span> <span class='ocrx_word' id='word_1_109' title='bbox 649 3342 703 3411; x_wconf 89' lang='lat' dir='ltr'>diu</span> <span class='ocrx_word' id='word_1_110' title='bbox 719 3342 835 3427; x_wconf 81' lang='lat' dir='ltr'>edepol</span> <span class='ocrx_word' id='word_1_111' title='bbox 849 3343 938 3410; x_wconf 77' lang='lat' dir='ltr'>tudun</span> <span class='ocrx_word' id='word_1_112' title='bbox 953 3342 1144 3427; x_wconf 76' lang='lat' dir='ltr'>sapientiam</span> <span class='ocrx_word' id='word_1_113' title='bbox 1159 3341 1241 3407; x_wconf 77' lang='lat' dir='ltr'>hado</span> <span class='ocrx_word' id='word_1_114' title='bbox 1255 3338 1384 3421; x_wconf 76' lang='lat' dir='ltr'>qudem</span> <span class='ocrx_word' id='word_1_115' title='bbox 1397 3338 1503 3406; x_wconf 83' lang='lat' dir='ltr'>abusa</span> <span class='ocrx_word' id='word_1_116' title='bbox 1525 3344 1584 3405; x_wconf 86' lang='lat' dir='ltr'>est.</span> 
     </span>
     <span class='ocr_line' id='line_1_28' title="bbox 356 3446 1585 3533; baseline -0.004 -18.858"><span class='ocrx_word' id='word_1_117' title='bbox 356 3447 447 3515; x_wconf 85' lang='lat' dir='ltr'>Nunc</span> <span class='ocrx_word' id='word_1_118' title='bbox 469 3448 550 3517; x_wconf 87' lang='lat' dir='ltr'>hinc</span> <span class='ocrx_word' id='word_1_119' title='bbox 566 3452 662 3533; x_wconf 83' lang='lat' dir='ltr'>sapit,</span> <span class='ocrx_word' id='word_1_120' title='bbox 687 3449 837 3533; x_wconf 90' lang='lat' dir='ltr'>quicquid</span> <span class='ocrx_word' id='word_1_121' title='bbox 860 3452 959 3532; x_wconf 83' lang='lat' dir='ltr'>sapit:</span> <span class='ocrx_word' id='word_1_122' title='bbox 983 3449 1059 3515; x_wconf 86' lang='lat' dir='ltr'>hino</span> <span class='ocrx_word' id='word_1_123' title='bbox 1081 3447 1187 3529; x_wconf 83' lang='lat' dir='ltr'>sentit,</span> <span class='ocrx_word' id='word_1_124' title='bbox 1210 3446 1229 3513; x_wconf 77' lang='grc'>0</span> <span class='ocrx_word' id='word_1_125' title='bbox 1251 3465 1323 3511; x_wconf 92' lang='lat' dir='ltr'>meo</span> <span class='ocrx_word' id='word_1_126' title='bbox 1345 3463 1464 3511; x_wconf 82' lang='lat' dir='ltr'>amore·</span> <span class='ocrx_word' id='word_1_127' title='bbox 1528 3453 1585 3523; x_wconf 81' lang='lat'>(30)</span> 
     </span>
    </p>
   </div>
   <div class='ocr_carea' id='block_1_7' title="bbox 151 3555 1582 3852">
    <p class='ocr_par' dir='ltr' id='par_1_8' title="bbox 151 3555 1582 3852">
     <span class='ocr_line' id='line_1_29' title="bbox 798 3555 1061 3623; baseline 0.004 -3"><span class='ocrx_word' id='word_1_128' title='bbox 798 3555 1061 3623; x_wconf 73' lang='lat' dir='ltr'>nonsummum.</span> 
     </span>
     <span class='ocr_line' id='line_1_30' title="bbox 194 3656 1567 3755; baseline -0.004 -28"><span class='ocrx_word' id='word_1_129' title='bbox 194 3672 276 3727; x_wconf 83' lang='lat'>1190</span> <span class='ocrx_word' id='word_1_130' title='bbox 400 3658 471 3725; x_wconf 84' lang='lat' dir='ltr'>Non</span> <span class='ocrx_word' id='word_1_131' title='bbox 494 3678 532 3725; x_wconf 89' lang='lat' dir='ltr'>eo</span> <span class='ocrx_word' id='word_1_132' title='bbox 555 3659 672 3742; x_wconf 76' lang='lat' dir='ltr'>genere</span> <span class='ocrx_word' id='word_1_133' title='bbox 695 3679 805 3727; x_wconf 90' lang='lat' dir='ltr'>sumus</span> <span class='ocrx_word' id='word_1_134' title='bbox 826 3661 1017 3745; x_wconf 70' lang='lat' dir='ltr'>progustaa</span> <span class='ocrx_word' id='word_1_135' title='bbox 1039 3659 1166 3727; x_wconf 73' lang='grc'><strong>1111110101</strong></span> <span class='ocrx_word' id='word_1_136' title='bbox 1189 3660 1297 3725; x_wconf 83' lang='lat' dir='ltr'>suimus</span> <span class='ocrx_word' id='word_1_137' title='bbox 1321 3678 1444 3737; x_wconf 83' lang='lat' dir='ltr'>servae,</span> <span class='ocrx_word' id='word_1_138' title='bbox 1469 3656 1567 3755; x_wconf 67' lang='lat' dir='ltr'>sordr⁸</span> 
     </span>
     <span class='ocr_line' id='line_1_31' title="bbox 151 3754 1582 3852; baseline -0.003 -20"><span class='ocrx_word' id='word_1_139' title='bbox 151 3754 152 3767; x_wconf 44' lang='lat'>¹</span> <span class='ocrx_word' id='word_1_140' title='bbox 400 3764 445 3831; x_wconf 87' lang='lat' dir='ltr'>Ut</span> <span class='ocrx_word' id='word_1_141' title='bbox 464 3762 580 3831; x_wconf 75' lang='lat' dir='ltr'>deecit</span> <span class='ocrx_word' id='word_1_142' title='bbox 600 3784 659 3833; x_wconf 89' lang='lat' dir='ltr'>nos</span> <span class='ocrx_word' id='word_1_143' title='bbox 682 3764 788 3837; x_wconf 76' lang='grc'><strong>100010</strong></span> <span class='ocrx_word' id='word_1_144' title='bbox 812 3770 993 3851; x_wconf 81' lang='lat' dir='ltr'>quicquam,</span> <span class='ocrx_word' id='word_1_145' title='bbox 1018 3765 1103 3852; x_wconf 92' lang='lat' dir='ltr'>quod</span> <span class='ocrx_word' id='word_1_146' title='bbox 1125 3765 1221 3829; x_wconf 90' lang='lat' dir='ltr'>homo</span> <span class='ocrx_word' id='word_1_147' title='bbox 1244 3766 1415 3848; x_wconf 87' lang='lat' dir='ltr'>quisquam</span> <span class='ocrx_word' id='word_1_148' title='bbox 1435 3760 1582 3828; x_wconf 71' lang='lat' dir='ltr'>inrideit·</span> 
     </span>
    </p>
   </div>
   <div class='ocr_carea' id='block_1_8' title="bbox 151 3975 1586 5195">
    <p class='ocr_par' dir='ltr' id='par_1_9' title="bbox 151 3975 1586 5107">
     <span class='ocr_line' id='line_1_32' title="bbox 355 3975 1584 4050; baseline 0.001 -19"><span class='ocrx_word' id='word_1_149' title='bbox 355 3976 434 4035; x_wconf 79' lang='grc'><strong>1182.</strong></span> <span class='ocrx_word' id='word_1_150' title='bbox 453 3992 505 4033; x_wconf 90' lang='lat' dir='ltr'>nos</span> <span class='ocrx_word' id='word_1_151' title='bbox 517 3978 601 4036; x_wconf 91' lang='lat' dir='ltr'>hodie</span> <span class='ocrx_word' id='word_1_152' title='bbox 613 3979 648 4035; x_wconf 94' lang='lat' dir='ltr'>A.</span> <span class='ocrx_word' id='word_1_153' title='bbox 662 3979 753 4035; x_wconf 87' lang='lat' dir='ltr'>solus:</span> <span class='ocrx_word' id='word_1_154' title='bbox 772 3982 858 4036; x_wconf 88' lang='lat' dir='ltr'>ceteri</span> <span class='ocrx_word' id='word_1_155' title='bbox 869 3981 952 4037; x_wconf 91' lang='lat' dir='ltr'>hodie</span> <span class='ocrx_word' id='word_1_156' title='bbox 964 3996 1025 4038; x_wconf 90' lang='lat' dir='ltr'>nos.</span> <span class='ocrx_word' id='word_1_157' title='bbox 1044 3981 1079 4039; x_wconf 91' lang='lat' dir='ltr'>D.</span> <span class='ocrx_word' id='word_1_158' title='bbox 1092 3980 1297 4050; x_wconf 84' lang='lat' dir='ltr'>praestitumus,</span> <span class='ocrx_word' id='word_1_159' title='bbox 1316 3977 1346 4034; x_wconf 90' lang='lat' dir='ltr'>P.</span> <span class='ocrx_word' id='word_1_160' title='bbox 1364 3975 1584 4045; x_wconf 79' lang='lat' dir='ltr'>praestituimus.</span> 
     </span>
     <span class='ocr_line' id='line_1_33' title="bbox 274 4064 1585 4138; baseline -0.002 -17"><span class='ocrx_word' id='word_1_161' title='bbox 274 4066 354 4122; x_wconf 86' lang='grc'><strong>1183.</strong></span> <span class='ocrx_word' id='word_1_162' title='bbox 373 4080 404 4121; x_wconf 88' lang='grc'>00</span> <span class='ocrx_word' id='word_1_163' title='bbox 417 4081 495 4122; x_wconf 88' lang='grc'><strong>00101</strong></span> <span class='ocrx_word' id='word_1_164' title='bbox 504 4067 553 4122; x_wconf 84' lang='lat' dir='ltr'><strong>A.:</strong></span> <span class='ocrx_word' id='word_1_165' title='bbox 573 4068 659 4124; x_wconf 87' lang='lat' dir='ltr'>ceteri</span> <span class='ocrx_word' id='word_1_166' title='bbox 673 4082 802 4127; x_wconf 87' lang='lat' dir='ltr'>sorores.</span> <span class='ocrx_word' id='word_1_167' title='bbox 821 4070 856 4127; x_wconf 92' lang='lat' dir='ltr'>D.</span> <span class='ocrx_word' id='word_1_168' title='bbox 868 4086 904 4125; x_wconf 91' lang='lat' dir='ltr'>an</span> <span class='ocrx_word' id='word_1_169' title='bbox 917 4086 970 4126; x_wconf 91' lang='lat' dir='ltr'>uoo</span> <span class='ocrx_word' id='word_1_170' title='bbox 982 4085 1011 4138; x_wconf 89' lang='lat' dir='ltr'>p.</span> <span class='ocrx_word' id='word_1_171' title='bbox 1024 4086 1059 4124; x_wconf 90' lang='lat' dir='ltr'>an</span> <span class='ocrx_word' id='word_1_172' title='bbox 1070 4082 1146 4137; x_wconf 83' lang='lat' dir='ltr'>uero,</span> <span class='ocrx_word' id='word_1_173' title='bbox 1164 4069 1195 4125; x_wconf 89' lang='lat' dir='ltr'>P.</span> <span class='ocrx_word' id='word_1_174' title='bbox 1209 4083 1245 4123; x_wconf 89' lang='lat' dir='ltr'>au</span> <span class='ocrx_word' id='word_1_175' title='bbox 1262 4082 1305 4122; x_wconf 92' lang='grc'>00.</span> <span class='ocrx_word' id='word_1_176' title='bbox 1324 4066 1452 4121; x_wconf 74' lang='lat' dir='ltr'>Ceterum</span> <span class='ocrx_word' id='word_1_177' title='bbox 1464 4064 1501 4121; x_wconf 88' lang='lat' dir='ltr'>A.</span> <span class='ocrx_word' id='word_1_178' title='bbox 1510 4064 1585 4120; x_wconf 92' lang='lat' dir='ltr'>huuc</span> 
     </span>
     <span class='ocr_line' id='line_1_34' title="bbox 273 4152 1584 4225; baseline -0.002 -16"><span class='ocrx_word' id='word_1_179' title='bbox 273 4168 384 4209; x_wconf 88' lang='lat' dir='ltr'>versum</span> <span class='ocrx_word' id='word_1_180' title='bbox 403 4154 509 4211; x_wconf 81' lang='lat' dir='ltr'>claudit</span> <span class='ocrx_word' id='word_1_181' title='bbox 526 4171 597 4212; x_wconf 83' lang='lat' dir='ltr'>voce</span> <span class='ocrx_word' id='word_1_182' title='bbox 615 4155 747 4221; x_wconf 87' lang='lat' dir='ltr'>videre,</span> <span class='ocrx_word' id='word_1_183' title='bbox 766 4157 851 4211; x_wconf 87' lang='lat' dir='ltr'>ceteri</span> <span class='ocrx_word' id='word_1_184' title='bbox 869 4157 956 4213; x_wconf 83' lang='lat' dir='ltr'>verbo</span> <span class='ocrx_word' id='word_1_185' title='bbox 975 4156 1125 4213; x_wconf 88' lang='lat' dir='ltr'>obsecro.</span> <span class='ocrx_word' id='word_1_186' title='bbox 1163 4155 1243 4211; x_wconf 87' lang='grc'><strong>1184.</strong></span> <span class='ocrx_word' id='word_1_187' title='bbox 1262 4154 1378 4225; x_wconf 83' lang='lat' dir='ltr'>fuligine</span> <span class='ocrx_word' id='word_1_188' title='bbox 1396 4152 1584 4208; x_wconf 73' lang='lat' dir='ltr'>Camerarius:</span> 
     </span>
     <span class='ocr_line' id='line_1_35' title="bbox 276 4224 1585 4315; baseline -0.002 -16"><span class='ocrx_word' id='word_1_189' title='bbox 276 4243 312 4299; x_wconf 85' lang='lat' dir='ltr'>V.</span> <span class='ocrx_word' id='word_1_190' title='bbox 331 4240 446 4305; x_wconf 77' lang='lat' dir='ltr'>sulineti</span> <span class='ocrx_word' id='word_1_191' title='bbox 465 4242 500 4299; x_wconf 92' lang='lat' dir='ltr'>D.</span> <span class='ocrx_word' id='word_1_192' title='bbox 519 4242 550 4300; x_wconf 80' lang='grc' dir='ltr'>Ρ..</span> <span class='ocrx_word' id='word_1_193' title='bbox 569 4243 690 4301; x_wconf 85' lang='lat' dir='ltr'>fulineci.</span> <span class='ocrx_word' id='word_1_194' title='bbox 737 4243 816 4301; x_wconf 80' lang='grc'><strong>1185.</strong></span> <span class='ocrx_word' id='word_1_195' title='bbox 835 4244 917 4300; x_wconf 88' lang='lat' dir='ltr'>codd.</span> <span class='ocrx_word' id='word_1_196' title='bbox 936 4246 1023 4301; x_wconf 87' lang='lat' dir='ltr'>ceteri</span> <span class='ocrx_word' id='word_1_197' title='bbox 1040 4249 1107 4315; x_wconf 88' lang='lat' dir='ltr'>post</span> <span class='ocrx_word' id='word_1_198' title='bbox 1124 4224 1289 4299; x_wconf 62' lang='lat' dir='ltr'>msaddunt</span> <span class='ocrx_word' id='word_1_199' title='bbox 1306 4240 1491 4312; x_wconf 72' lang='grc' dir='ltr'><strong>0111110οἰ110,</strong></span> <span class='ocrx_word' id='word_1_200' title='bbox 1508 4240 1585 4309; x_wconf 86' lang='lat' dir='ltr'>quod</span> 
     </span>
     <span class='ocr_line' id='line_1_36' title="bbox 275 4328 1585 4409; baseline 0.001 -24"><span class='ocrx_word' id='word_1_201' title='bbox 275 4330 320 4401; x_wconf 72' lang='lat' dir='ltr'>A„</span> <span class='ocrx_word' id='word_1_202' title='bbox 339 4336 371 4385; x_wconf 90' lang='lat' dir='ltr'>ut</span> <span class='ocrx_word' id='word_1_203' title='bbox 387 4328 510 4399; x_wconf 79' lang='lat' dir='ltr'>videtur,</span> <span class='ocrx_word' id='word_1_204' title='bbox 529 4331 630 4390; x_wconf 86' lang='lat' dir='ltr'>omisit.</span> <span class='ocrx_word' id='word_1_205' title='bbox 661 4332 771 4409; x_wconf 83' lang='lat' dir='ltr'>Deinde</span> <span class='ocrx_word' id='word_1_206' title='bbox 799 4346 896 4388; x_wconf 89' lang='lat' dir='ltr'>omnes</span> <span class='ocrx_word' id='word_1_207' title='bbox 924 4348 986 4387; x_wconf 87' lang='lat' dir='ltr'>cum</span> <span class='ocrx_word' id='word_1_208' title='bbox 1015 4331 1052 4386; x_wconf 92' lang='lat' dir='ltr'>A.</span> <span class='ocrx_word' id='word_1_209' title='bbox 1078 4347 1189 4388; x_wconf 85' lang='lat' dir='ltr'>versum</span> <span class='ocrx_word' id='word_1_210' title='bbox 1208 4345 1311 4386; x_wconf 83' lang='lat' dir='ltr'>novum</span> <span class='ocrx_word' id='word_1_211' title='bbox 1328 4330 1474 4385; x_wconf 87' lang='lat' dir='ltr'>ordiuntur</span> <span class='ocrx_word' id='word_1_212' title='bbox 1490 4329 1585 4386; x_wconf 83' lang='lat' dir='ltr'>verbis</span> 
     </span>
     <span class='ocr_line' id='line_1_37' title="bbox 278 4418 1586 4491; baseline 0.002 -19"><span class='ocrx_word' id='word_1_213' title='bbox 278 4418 352 4483; x_wconf 79' lang='lat' dir='ltr'>Quid</span> <span class='ocrx_word' id='word_1_214' title='bbox 365 4422 421 4477; x_wconf 83' lang='lat' dir='ltr'>est.</span> <span class='ocrx_word' id='word_1_215' title='bbox 461 4419 531 4474; x_wconf 88' lang='lat' dir='ltr'>Post</span> <span class='ocrx_word' id='word_1_216' title='bbox 549 4419 612 4475; x_wconf 87' lang='lat' dir='ltr'>mei</span> <span class='ocrx_word' id='word_1_217' title='bbox 630 4425 733 4489; x_wconf 83' lang='lat' dir='ltr'>gnato</span> <span class='ocrx_word' id='word_1_218' title='bbox 752 4425 845 4477; x_wconf 84' lang='lat' dir='ltr'>autem</span> <span class='ocrx_word' id='word_1_219' title='bbox 863 4422 899 4477; x_wconf 92' lang='lat' dir='ltr'>D.</span> <span class='ocrx_word' id='word_1_220' title='bbox 918 4420 998 4477; x_wconf 84' lang='lat' dir='ltr'>addit</span> <span class='ocrx_word' id='word_1_221' title='bbox 1015 4426 1110 4491; x_wconf 83' lang='lat' dir='ltr'>gnate,</span> <span class='ocrx_word' id='word_1_222' title='bbox 1128 4421 1203 4491; x_wconf 90' lang='lat' dir='ltr'>quod</span> <span class='ocrx_word' id='word_1_223' title='bbox 1221 4434 1276 4476; x_wconf 88' lang='lat' dir='ltr'>om.</span> <span class='ocrx_word' id='word_1_224' title='bbox 1294 4420 1325 4472; x_wconf 93' lang='lat' dir='ltr'>P.</span> <span class='ocrx_word' id='word_1_225' title='bbox 1374 4418 1503 4487; x_wconf 83' lang='lat' dir='ltr'>Denique</span> <span class='ocrx_word' id='word_1_226' title='bbox 1520 4424 1586 4488; x_wconf 81' lang='lat' dir='ltr'>post</span> 
     </span>
     <span class='ocr_line' id='line_1_38' title="bbox 278 4505 1584 4579; baseline 0.001 -18"><span class='ocrx_word' id='word_1_227' title='bbox 278 4506 359 4574; x_wconf 88' lang='lat' dir='ltr'>quid</span> <span class='ocrx_word' id='word_1_228' title='bbox 377 4507 430 4561; x_wconf 89' lang='lat' dir='ltr'>vis</span> <span class='ocrx_word' id='word_1_229' title='bbox 450 4506 531 4563; x_wconf 92' lang='lat' dir='ltr'>codd.</span> <span class='ocrx_word' id='word_1_230' title='bbox 551 4522 614 4561; x_wconf 89' lang='lat' dir='ltr'>cum</span> <span class='ocrx_word' id='word_1_231' title='bbox 631 4505 667 4561; x_wconf 98' lang='lat' dir='ltr'>A.</span> <span class='ocrx_word' id='word_1_232' title='bbox 681 4521 777 4563; x_wconf 86' lang='lat' dir='ltr'>omues</span> <span class='ocrx_word' id='word_1_233' title='bbox 796 4508 905 4564; x_wconf 87' lang='lat' dir='ltr'>addunt</span> <span class='ocrx_word' id='word_1_234' title='bbox 922 4509 1032 4579; x_wconf 81' lang='lat' dir='ltr'>expedi,</span> <span class='ocrx_word' id='word_1_235' title='bbox 1052 4508 1127 4577; x_wconf 90' lang='lat' dir='ltr'>quod</span> <span class='ocrx_word' id='word_1_236' title='bbox 1145 4508 1212 4562; x_wconf 84' lang='lat' dir='ltr'>mihi</span> <span class='ocrx_word' id='word_1_237' title='bbox 1231 4522 1266 4562; x_wconf 89' lang='lat' dir='ltr'>ex</span> <span class='ocrx_word' id='word_1_238' title='bbox 1284 4522 1371 4575; x_wconf 85' lang='lat' dir='ltr'>prava</span> <span class='ocrx_word' id='word_1_239' title='bbox 1388 4518 1517 4561; x_wconf 87' lang='lat' dir='ltr'>versuum</span> <span class='ocrx_word' id='word_1_240' title='bbox 1536 4507 1584 4562; x_wconf 85' lang='lat' dir='ltr'>de·</span> 
     </span>
     <span class='ocr_line' id='line_1_39' title="bbox 278 4594 1585 4667; baseline 0 -18"><span class='ocrx_word' id='word_1_241' title='bbox 278 4594 426 4667; x_wconf 77' lang='lat' dir='ltr'>scriptione</span> <span class='ocrx_word' id='word_1_242' title='bbox 445 4598 541 4649; x_wconf 88' lang='lat' dir='ltr'>uatum</span> <span class='ocrx_word' id='word_1_243' title='bbox 561 4608 625 4651; x_wconf 87' lang='grc'><strong>0000</strong></span> <span class='ocrx_word' id='word_1_244' title='bbox 642 4594 763 4653; x_wconf 84' lang='lat' dir='ltr'>videtur.</span> <span class='ocrx_word' id='word_1_245' title='bbox 825 4597 905 4655; x_wconf 81' lang='grc'><strong>1181.</strong></span> <span class='ocrx_word' id='word_1_246' title='bbox 924 4596 1010 4654; x_wconf 89' lang='lat' dir='ltr'>habet</span> <span class='ocrx_word' id='word_1_247' title='bbox 1027 4595 1116 4665; x_wconf 78' lang='lat' dir='ltr'>patulo</span> <span class='ocrx_word' id='word_1_248' title='bbox 1133 4595 1276 4666; x_wconf 82' lang='lat' dir='ltr'>ingenium</span> <span class='ocrx_word' id='word_1_249' title='bbox 1292 4594 1423 4649; x_wconf 86' lang='lat' dir='ltr'>Bothius:</span> <span class='ocrx_word' id='word_1_250' title='bbox 1442 4594 1525 4651; x_wconf 89' lang='lat' dir='ltr'>codd.</span> <span class='ocrx_word' id='word_1_251' title='bbox 1543 4595 1585 4649; x_wconf 86' lang='lat' dir='ltr'>in-</span> 
     </span>
     <span class='ocr_line' id='line_1_40' title="bbox 276 4680 1585 4753; baseline 0.002 -16"><span class='ocrx_word' id='word_1_252' title='bbox 276 4684 389 4753; x_wconf 81' lang='lat' dir='ltr'>genium</span> <span class='ocrx_word' id='word_1_253' title='bbox 407 4680 496 4750; x_wconf 83' lang='lat' dir='ltr'>patris</span> <span class='ocrx_word' id='word_1_254' title='bbox 514 4680 607 4739; x_wconf 82' lang='lat' dir='ltr'>habet.</span> <span class='ocrx_word' id='word_1_255' title='bbox 644 4683 723 4738; x_wconf 88' lang='grc'><strong>1188.</strong></span> <span class='ocrx_word' id='word_1_256' title='bbox 742 4684 776 4738; x_wconf 91' lang='lat' dir='ltr'>D.</span> <span class='ocrx_word' id='word_1_257' title='bbox 796 4684 909 4749; x_wconf 72' lang='lat' dir='ltr'>(lueres.</span> <span class='ocrx_word' id='word_1_258' title='bbox 937 4685 973 4739; x_wconf 90' lang='lat' dir='ltr'>A.</span> <span class='ocrx_word' id='word_1_259' title='bbox 993 4685 1043 4739; x_wconf 90' lang='lat' dir='ltr'>diu</span> <span class='ocrx_word' id='word_1_260' title='bbox 1061 4699 1095 4740; x_wconf 92' lang='lat' dir='ltr'>eo</span> <span class='ocrx_word' id='word_1_261' title='bbox 1114 4683 1224 4753; x_wconf 90' lang='lat' dir='ltr'>edepol.</span> <span class='ocrx_word' id='word_1_262' title='bbox 1252 4681 1361 4737; x_wconf 88' lang='lat' dir='ltr'>Deinde</span> <span class='ocrx_word' id='word_1_263' title='bbox 1378 4687 1456 4737; x_wconf 86' lang='lat' dir='ltr'>tuam</span> <span class='ocrx_word' id='word_1_264' title='bbox 1474 4683 1585 4753; x_wconf 85' lang='lat' dir='ltr'>sapien·</span> 
     </span>
     <span class='ocr_line' id='line_1_41' title="bbox 273 4768 1585 4842; baseline 0.002 -17"><span class='ocrx_word' id='word_1_265' title='bbox 273 4770 341 4825; x_wconf 89' lang='lat' dir='ltr'>tiam</span> <span class='ocrx_word' id='word_1_266' title='bbox 360 4768 491 4826; x_wconf 78' lang='lat' dir='ltr'>Bothius:</span> <span class='ocrx_word' id='word_1_267' title='bbox 523 4768 605 4827; x_wconf 90' lang='lat' dir='ltr'>codd.</span> <span class='ocrx_word' id='word_1_268' title='bbox 624 4771 787 4841; x_wconf 86' lang='lat' dir='ltr'>sapientiam</span> <span class='ocrx_word' id='word_1_269' title='bbox 806 4776 890 4827; x_wconf 86' lang='lat' dir='ltr'>tuam</span> <span class='ocrx_word' id='word_1_270' title='bbox 926 4772 1055 4842; x_wconf 84' lang='lat' dir='ltr'>Denique</span> <span class='ocrx_word' id='word_1_271' title='bbox 1073 4772 1143 4826; x_wconf 85' lang='lat' dir='ltr'>haec</span> <span class='ocrx_word' id='word_1_272' title='bbox 1161 4770 1275 4840; x_wconf 89' lang='lat' dir='ltr'>quidem</span> <span class='ocrx_word' id='word_1_273' title='bbox 1293 4769 1437 4826; x_wconf 79' lang='lat' dir='ltr'>Aeolus:</span> <span class='ocrx_word' id='word_1_274' title='bbox 1461 4770 1495 4827; x_wconf 90' lang='lat' dir='ltr'>D.</span> <span class='ocrx_word' id='word_1_275' title='bbox 1513 4770 1585 4828; x_wconf 80' lang='lat' dir='ltr'>haec</span> 
     </span>
     <span class='ocr_line' id='line_1_42' title="bbox 151 4857 1584 4929; baseline 0.001 -18"><span class='ocrx_word' id='word_1_276' title='bbox 151 4866 152 4871; x_wconf 75' lang='grc'>’</span> <span class='ocrx_word' id='word_1_277' title='bbox 275 4858 415 4928; x_wconf 71' lang='lat' dir='ltr'>quiquam,</span> <span class='ocrx_word' id='word_1_278' title='bbox 434 4858 465 4914; x_wconf 91' lang='lat' dir='ltr'><strong>P.</strong></span> <span class='ocrx_word' id='word_1_279' title='bbox 484 4859 566 4926; x_wconf 88' lang='lat' dir='ltr'>ecqui</span> <span class='ocrx_word' id='word_1_280' title='bbox 584 4873 665 4928; x_wconf 89' lang='lat' dir='ltr'>quae.</span> <span class='ocrx_word' id='word_1_281' title='bbox 712 4859 791 4914; x_wconf 88' lang='grc'><strong>1189.</strong></span> <span class='ocrx_word' id='word_1_282' title='bbox 811 4859 847 4918; x_wconf 91' lang='lat' dir='ltr'><strong>A.</strong></span> <span class='ocrx_word' id='word_1_283' title='bbox 866 4859 911 4915; x_wconf 92' lang='lat' dir='ltr'>hic</span> <span class='ocrx_word' id='word_1_284' title='bbox 930 4862 1011 4929; x_wconf 84' lang='lat' dir='ltr'>sapit.</span> <span class='ocrx_word' id='word_1_285' title='bbox 1047 4860 1157 4916; x_wconf 86' lang='lat' dir='ltr'>Deinde</span> <span class='ocrx_word' id='word_1_286' title='bbox 1176 4858 1308 4929; x_wconf 88' lang='lat' dir='ltr'>quicquid</span> <span class='ocrx_word' id='word_1_287' title='bbox 1324 4859 1400 4929; x_wconf 88' lang='lat' dir='ltr'>sapit</span> <span class='ocrx_word' id='word_1_288' title='bbox 1417 4857 1483 4914; x_wconf 89' lang='lat' dir='ltr'>hinc</span> <span class='ocrx_word' id='word_1_289' title='bbox 1499 4861 1584 4915; x_wconf 75' lang='lat' dir='ltr'>souu&#39;t</span> 
     </span>
     <span class='ocr_line' id='line_1_43' title="bbox 151 4942 1585 5017; baseline 0.002 -18"><span class='ocrx_word' id='word_1_290' title='bbox 151 4942 152 4953; x_wconf 57' lang='lat'>¹</span> <span class='ocrx_word' id='word_1_291' title='bbox 272 4944 405 5001; x_wconf 86' lang='lat' dir='ltr'>Bothius:</span> <span class='ocrx_word' id='word_1_292' title='bbox 424 4946 505 5005; x_wconf 87' lang='lat' dir='ltr'>codd.</span> <span class='ocrx_word' id='word_1_293' title='bbox 524 4945 589 5002; x_wconf 87' lang='lat' dir='ltr'>hinc</span> <span class='ocrx_word' id='word_1_294' title='bbox 607 4947 692 5002; x_wconf 81' lang='lat' dir='ltr'>sentit</span> <span class='ocrx_word' id='word_1_295' title='bbox 710 4946 842 5016; x_wconf 89' lang='lat' dir='ltr'>quicquid</span> <span class='ocrx_word' id='word_1_296' title='bbox 862 4948 944 5016; x_wconf 89' lang='lat' dir='ltr'>sapit,</span> <span class='ocrx_word' id='word_1_297' title='bbox 963 4948 1018 5003; x_wconf 89' lang='lat' dir='ltr'>nisi</span> <span class='ocrx_word' id='word_1_298' title='bbox 1036 4946 1112 5017; x_wconf 88' lang='lat' dir='ltr'>quod</span> <span class='ocrx_word' id='word_1_299' title='bbox 1128 4947 1164 5004; x_wconf 85' lang='lat' dir='ltr'>A.</span> <span class='ocrx_word' id='word_1_300' title='bbox 1183 4947 1229 5001; x_wconf 90' lang='lat' dir='ltr'>hic</span> <span class='ocrx_word' id='word_1_301' title='bbox 1248 4979 1283 4988; x_wconf 88' lang='lat'><em>-</em></span> <span class='ocrx_word' id='word_1_302' title='bbox 1300 4946 1434 5016; x_wconf 75' lang='lat' dir='ltr'>quicquit.</span> <span class='ocrx_word' id='word_1_303' title='bbox 1455 4946 1585 5016; x_wconf 78' lang='lat' dir='ltr'>Denique</span> 
     </span>
     <span class='ocr_line' id='line_1_44' title="bbox 274 5032 1585 5107; baseline 0.003 -20"><span class='ocrx_word' id='word_1_304' title='bbox 274 5049 290 5087; x_wconf 89' lang='lat' dir='ltr'>o</span> <span class='ocrx_word' id='word_1_305' title='bbox 308 5032 346 5089; x_wconf 75' lang='lat' dir='ltr'><strong>.v,</strong></span> <span class='ocrx_word' id='word_1_306' title='bbox 360 5034 453 5091; x_wconf 84' lang='lat' dir='ltr'>solus:</span> <span class='ocrx_word' id='word_1_307' title='bbox 472 5034 507 5091; x_wconf 89' lang='lat' dir='ltr'>A.</span> <span class='ocrx_word' id='word_1_308' title='bbox 521 5050 564 5105; x_wconf 86' lang='lat' dir='ltr'>ex,</span> <span class='ocrx_word' id='word_1_309' title='bbox 582 5035 658 5107; x_wconf 85' lang='lat' dir='ltr'>quod</span> <span class='ocrx_word' id='word_1_310' title='bbox 676 5035 711 5091; x_wconf 94' lang='lat' dir='ltr'>D.</span> <span class='ocrx_word' id='word_1_311' title='bbox 727 5035 759 5090; x_wconf 88' lang='lat' dir='ltr'>P.</span> <span class='ocrx_word' id='word_1_312' title='bbox 778 5048 891 5103; x_wconf 83' lang='lat' dir='ltr'>prorsus</span> <span class='ocrx_word' id='word_1_313' title='bbox 909 5036 1047 5096; x_wconf 73' lang='lat' dir='ltr'>omittunt.</span> <span class='ocrx_word' id='word_1_314' title='bbox 1073 5037 1110 5093; x_wconf 90' lang='lat' dir='ltr'>D.</span> <span class='ocrx_word' id='word_1_315' title='bbox 1128 5050 1230 5092; x_wconf 85' lang='lat' dir='ltr'>amare.</span> <span class='ocrx_word' id='word_1_316' title='bbox 1269 5036 1348 5093; x_wconf 85' lang='grc'><strong>1190.</strong></span> <span class='ocrx_word' id='word_1_317' title='bbox 1366 5050 1469 5107; x_wconf 82' lang='lat' dir='ltr'>genera</span> <span class='ocrx_word' id='word_1_318' title='bbox 1487 5050 1585 5091; x_wconf 79' lang='lat' dir='ltr'>sumus</span> 
     </span>
    </p>

    <p class='ocr_par' dir='ltr' id='par_1_10' title="bbox 274 5119 1516 5195">
     <span class='ocr_line' id='line_1_45' title="bbox 274 5119 1516 5195; baseline 0.006 -20"><span class='ocrx_word' id='word_1_319' title='bbox 274 5121 312 5178; x_wconf 89' lang='lat' dir='ltr'>A.</span> <span class='ocrx_word' id='word_1_320' title='bbox 331 5119 420 5178; x_wconf 85' lang='lat' dir='ltr'>solus:</span> <span class='ocrx_word' id='word_1_321' title='bbox 439 5122 524 5179; x_wconf 86' lang='lat' dir='ltr'>ceteri</span> <span class='ocrx_word' id='word_1_322' title='bbox 541 5138 637 5181; x_wconf 88' lang='lat' dir='ltr'>sumus</span> <span class='ocrx_word' id='word_1_323' title='bbox 656 5139 766 5195; x_wconf 79' lang='lat' dir='ltr'>genero.</span> <span class='ocrx_word' id='word_1_324' title='bbox 804 5124 883 5179; x_wconf 87' lang='grc'><strong>1191.</strong></span> <span class='ocrx_word' id='word_1_325' title='bbox 902 5137 953 5181; x_wconf 88' lang='lat' dir='ltr'>nos</span> <span class='ocrx_word' id='word_1_326' title='bbox 972 5123 1064 5180; x_wconf 83' lang='lat' dir='ltr'>facero</span> <span class='ocrx_word' id='word_1_327' title='bbox 1082 5123 1118 5181; x_wconf 88' lang='lat' dir='ltr'>A.</span> <span class='ocrx_word' id='word_1_328' title='bbox 1136 5124 1226 5181; x_wconf 74' lang='lat' dir='ltr'>soluat</span> <span class='ocrx_word' id='word_1_329' title='bbox 1244 5124 1330 5179; x_wconf 86' lang='lat' dir='ltr'>ceteri</span> <span class='ocrx_word' id='word_1_330' title='bbox 1347 5122 1440 5179; x_wconf 83' lang='lat' dir='ltr'>facere</span> <span class='ocrx_word' id='word_1_331' title='bbox 1457 5139 1516 5183; x_wconf 88' lang='lat' dir='ltr'>uos.</span> 
     </span>
    </p>
   </div>
   <div class='ocr_carea' id='block_1_9' title="bbox 0 0 2005 6050">
    <p class='ocr_par' dir='ltr' id='par_1_11' title="bbox 0 0 2005 6050">
     <span class='ocr_line' id='line_1_46' title="bbox 0 0 2005 6050; baseline 0 0"><span class='ocrx_word' id='word_1_332' title='bbox 0 0 2005 6050; x_wconf 95' lang='lat' dir='ltr'> </span> 
     </span>
    </p>
   </div>
  </div>
 </body>
</html>
