4000 6050
1041 528 1180 586 meum
1470 527 1710 608 quemue

984 707 1237 776 Senonumque.
1420 777 1427 788 ,

1393 813 1466 883 Tibi
1488 813 1560 883 eie,
1624 825 1630 832 ’
1674 856 1699 884 ,·.

920 959 924 968 ·
974 961 976 968 ›
1023 922 1204 987 limenio.-

1436 970 1441 978 1
1577 970 1641 1090 sle
1664 1022 1748 1088 veld.

387 1185 389 1190 .
982 1130 1234 1198 Snucnelenne.

418 1261 422 1285 ³
456 1243 600 1308 Alenus
624 1239 724 1322 deget.

907 1413 909 1421 ,
1025 1342 1268 1407 MlnPH10.·.

736 1497 744 1503 .
788 1448 830 1512 At
851 1451 887 1512 tu
909 1446 1037 1529 uppdne
1059 1452 1091 1513 et
1113 1445 1238 1528 respice
1260 1444 1304 1510 ed
1326 1464 1387 1510 me

982 1550 1234 1616 emonensem.

774 1711 776 1718 ,
1425 1652 1556 1743 Decem,
1701 1663 1759 1732 (35)

456 1767 658 1850 Quamquam
680 1763 769 1831 haud
792 1763 890 1830 lilium
913 1767 971 1828 est.

1027 1865 1192 1930 Munnme.
1428 1915 1433 1924 .
1515 1915 1518 1923 .
1557 1909 1580 1937 .,

1016 1970 1132 2037 Suluds
1155 1969 1210 2051 eie,
1235 1967 1437 2050 Syncerdete.

981 2075 1233 2142 smonmsnns.
1294 2121 1298 2128 .
1554 2070 1557 2075 '

419 2261 423 2270 ,
1482 2177 1676 2262 OMilphiq

453 2292 496 2356 Di
519 2311 630 2357 omnes
654 2287 798 2371 deaeque
821 2293 930 2353 ament
1455 2290 1471 2304 ““

1027 2390 1190 2456 Mmeme

880 2493 882 2500 '
992 2495 1171 2573 Quemnam
1196 2492 1379 2559 hdminem?

982 2602 1236 2667 Sunonensem.

1060 2713 1065 2721 '
1279 2701 1756 2786 .mmefflffl,

383 2827 436 2883 850
452 2817 519 2884 Nee
541 2837 646 2883 meum
670 2835 757 2882 erum
781 2813 872 2880 ludeo·

498 2929 500 2938 ’
932 2945 935 2954 ’
1023 2916 1186 2982 nummo.
1288 2964 1292 2973 .

916 3020 1019 3099 Quem
1042 3027 1149 3087 ament
1170 3019 1291 3103 igitur?

976 3125 1231 3193 Snneunnenue
1593 3197 1597 3203 .

1287 3231 1444 3315 Aliquem,
1468 3230 1585 3314 dignus
1609 3229 1663 3311 qui
1685 3226 1755 3294 siet.

407 3360 409 3365 ·
452 3344 533 3410 Nam
556 3342 733 3409 nostrerum
757 3359 850 3407 nemo
877 3338 1016 3422 dignust.

1020 3443 1184 3508 anmo·

1050 3546 1173 3631 Lepide
1194 3546 1334 3627 ldqueue·

976 3654 1228 3721 Smcnnnenne
1340 3688 1345 3697 ·
1450 3692 1464 3717 .·
1560 3689 1596 3736 ·‚

959 3824 965 3843 ,
1455 3758 1506 3823 Me
1529 3755 1628 3823 dedet.

1018 3865 1206 3931 annm-
1454 3861 1458 3867 “

453 3971 539 4051 Quid
561 3970 654 4055 agie?

978 4074 1231 4141 Suncnmenne.
1541 4139 1543 4142 ,

681 4180 789 4262 Fdeie,
814 4180 900 4262 qued
923 4180 1105 4247 manufesti·
1119 4179 1243 4247 meeehi
1266 4179 1317 4245 hie
1338 4179 1404 4247 heiu
1428 4179 1527 4247 ferme
1550 4178 1662 4246 solent.
1697 4191 1754 4262 (40)

1016 4287 1179 4351 numenio.

448 4391 534 4471 Quid
555 4390 588 4457 id
611 4392 683 4460 est?

528 4684 590 4743 846.
609 4682 644 4742 A.
663 4682 715 4739 libi
733 4685 757 4738 ei
776 4686 824 4744 eis.
896 4686 957 4742 848.
976 4685 1012 4742 A.
1031 4683 1154 4740 eliumet.
1181 4677 1212 4738 P.
1233 4680 1277 4739 eit.
1303 4683 1338 4741 D.
1358 4684 1517 4752 eineereete,
1535 4678 1570 4740 V.
1589 4678 1614 4736 ei
1632 4680 1747 4742 sineere.

449 4769 510 4827 849.
529 4769 565 4827 A.
584 4770 645 4829 Dei.
681 4772 790 4827 Deinde
807 4772 842 4826 D.
862 4786 915 4832 em.
935 4787 997 4841 qne.
1033 4770 1160 4838 Denique
1178 4769 1213 4826 D.
1232 4784 1286 4827 om.
1306 4785 1359 4841 me,
1377 4771 1409 4827 P.
1428 4755 1486 4826 oms
1500 4759 1555 4826 nee*
1570 4784 1622 4828 me.
1689 4772 1749 4827 851).

449 4856 530 4916 codd.
550 4875 611 4914 eum
631 4860 666 4916 A.
685 4874 782 4915 emnee
800 4858 896 4929 Neque
915 4874 991 4915 erum
1010 4873 1115 4915 meum:
1134 4872 1187 4918 een.
1204 4858 1263 4915 Nee
1281 4874 1371 4913 meum
1390 4873 1473 4914 erum.
1504 4855 1614 4912 Deinde
1633 4856 1750 4927 aliquem

448 4942 551 5013 dignue
569 4947 618 5015 qui
636 4946 691 5001 siet
726 4945 762 5004 A.
780 4946 871 5005 solue:
889 4948 924 5005 D.
943 4946 1071 5017 aliquem,
1088 4946 1129 5005 P.·
1140 4946 1234 5014 elium,
1252 4947 1352 5002 eetenie
1371 4945 1488 5005 emieeie.
1528 4946 1591 5006 851.
1610 4945 1645 5002 D.
1663 4946 1692 5000 P.
1711 4947 1747 5002 le-

448 5031 544 5101 pidum
563 5034 699 5104 eloquere.
752 5034 814 5093 852.
832 5036 867 5093 V:
886 5036 954 5107 quid
971 5050 998 5103 p.
1018 5037 1102 5106 quod.
1149 5035 1257 5091 Deinde
1284 5034 1318 5089 A.
1337 5032 1488 5090 menuleeti
1506 5033 1614 5090 moeehi
1632 5033 1695 5103 heu,
1713 5036 1748 5093 V.

447 5121 596 5183 manifeste
605 5121 856 5197 imoeehiheudD.
865 5124 896 5183 P.
907 5124 1064 5185 manufesto
1074 5120 1193 5182 himeehl
1202 5122 1284 5180 haud.
1295 5120 1685 5182 Buthiuemenlleetqmeeehl
1695 5122 1747 5184 hie.
