4000 6050
260 542 308 614 on,
326 542 353 614 4,
370 541 490 613 ss-ae)
750 508 953 628 nonnonns.

708 717 991 784 Asonssnoonns.

350 827 457 893 Alium
479 824 622 894 oensdbit
645 819 828 906 quaerittri.
876 852 879 859 ⁴

757 928 950 996 devocans

902 1031 1041 1098 Seiliodt.

711 1139 995 1206 Aoonnsnoonns.
1104 1173 1106 1181 ,

351 1251 520 1334 Extemplo
543 1245 725 1328 denegabit.

755 1350 949 1416 Andocidi.

781 1455 908 1522 litatus
931 1452 1068 1536 quidem.

711 1562 996 1626 Asosssnocnns.

352 1674 455 1738 Homo
477 1669 554 1736 furti
577 1667 650 1736 sese
671 1664 861 1748 adstringet.

755 1770 949 1836 Anvocnnn

894 1873 990 1940 Hadd
1014 1872 1144 1940 dubium
1166 1876 1200 1942 id
1223 1878 1351 1960 quidem
1374 1880 1434 1950 est.

708 1981 993 2046 Aeonnsnocnss.

352 2093 513 2170 Quantum
536 2093 693 2171 quantum
713 2086 758 2152 td
781 2105 854 2152 eum
877 2084 939 2150 erit
960 2084 1112 2151 delitum.

755 2191 950 2257 Anvocsnn

1003 2351 1007 2358 .
1100 2291 1277 2380 Qdippint?
1330 2301 1346 2390 ⁸,

585 2429 589 2434 ·
708 2403 992 2469 Aoonnsnoones.

210 2520 219 2571 i
347 2513 405 2594 Ibo
428 2516 460 2580 et
481 2509 613 2595 pnltdbo
635 2508 777 2574 ianuam.

757 2613 951 2678 Anvocsni.
1047 2635 1051 2648 ·

805 2718 864 2782 lio.
886 2715 1056 2797 quippini?

712 2826 997 2892 Asonssnocnns.

350 2931 513 3022 Diespiter
535 2952 594 2999 vos
616 2931 754 3015 perduit

472 3068 475 3071 ·
754 3036 949 3102 invocent.
997 3061 1000 3067 ¹
1035 3072 1038 3079 ·

800 3142 849 3208 Te
870 3140 1039 3224 quippini?

349 3321 351 3323 ,
712 3249 995 3314 Asonnsnoonns.

348 3355 493 3422 Taoendi
516 3353 643 3437 tempus
665 3360 729 3419 est:
751 3373 828 3419 nom
849 3350 1042 3434 eripuerunt
1062 3351 1159 3420 ‘fords-

347 3462 453 3527 Foras
474 3457 623 3543 egrddier
644 3459 741 3527 video
762 3458 911 3525 lenonem
932 3458 1065 3541 Lyodm·

349 3565 485 3650 Adeste,
499 3563 641 3659 posteo.

286 3676 297 3689 ·
755 3667 949 3733 Anvoonni.

682 3771 858 3855 Quippinit
880 3772 960 3855 sine,
983 3773 1012 3839 si
1034 3772 1134 3855 voles,

346 3876 486 3963 Operire
508 3878 627 3962 otpita,
650 3899 691 3944 ne
714 3897 774 3944 nos
796 3876 870 3943 leno
891 3879 1028 3959 noverit,

346 3982 413 4061 Qui
435 3982 482 4048 illi
505 3983 612 4050 molat
633 3985 680 4051 rei
701 3989 812 4049 tantae
833 3980 949 4049 iniimus
971 3982 1096 4049 inliods·
1446 3996 1504 4070 (35)

271 4261 330 4318 728.
351 4259 392 4319 D.
412 4274 458 4314 ses
478 4259 636 4330 adstringit,
650 4261 685 4315 P.
704 4274 734 4315 se
752 4275 780 4329 p.
800 4272 870 4313 sese.
908 4257 1018 4315 Deinde
1037 4256 1123 4315 codd:
1137 4272 1217 4316 onim.
1237 4264 1288 4317 est.
1319 4260 1437 4318 Addidit
1455 4263 1508 4319 Co·

221 4350 332 4404 notarius.
376 4348 439 4403 729.
457 4348 489 4405 Ρ.
502 4365 556 4407 οιιι.
575 4342 739 4419 quantuni
758 4348 882 4407 aiterum.
918 4362 945 4403 v.
961 4346 1014 4402 730
1032 4346 1060 4400 in
1080 4345 1159 4403 oodd.
1174 4362 1236 4401 oum
1249 4347 1415 4418 insequente
1435 4367 1507 4408 eom·
1527 4379 1537 4395 κ

222 4440 310 4492 nonius
330 4442 395 4492 est:
424 4436 547 4491 ordinem
565 4437 688 4492 restituit
704 4436 861 4492 Acidaiius.
897 4434 1027 4490 Ceterum
1047 4434 1127 4491 oodd.
1147 4436 1204 4490 lta:
1224 4451 1276 4495 ser.
1295 4438 1346 4494 lto.
1396 4440 1458 4499 731.
1476 4442 1507 4499 Ρ.

220 4524 326 4585 perduint.
409 4526 471 4581 733.
500 4528 627 4595 egredior
644 4527 680 4584 V.
700 4526 792 4581 solus:
820 4525 855 4582 D.
875 4524 1041 4594 egredietur,
1068 4525 1099 4582 P.
1129 4525 1278 4594 egreditur.
1315 4525 1398 4586 Adv.
1426 4528 1508 4585 Vide.

221 4606 253 4666 34,
269 4615 352 4670 oodd.
374 4628 458 4668 onim.
478 4614 549 4685 sine,
569 4615 644 4685 quod
663 4613 768 4689 ¹addidi.
824 4613 886 4668 '135-
906 4612 969 4667 leno
988 4613 1097 4668 nouerit
1115 4612 1149 4668 V.
1169 4613 1260 4668 solus:
1280 4613 1315 4672 D.
1333 4613 1397 4670 leno
1416 4616 1459 4684 rit,
1477 4616 1508 4673 P.

219 4692 253 4753 ino
267 4703 396 4758 viderit·
453 4703 513 4758 736.
532 4701 568 4761 D.
588 4704 631 4757 oui
650 4697 801 4757 iiii-marae
819 4702 858 4756 ire
876 4700 899 4755 it
916 4698 1028 4771 fuimus,
1046 4698 1076 4756 P.
1097 4704 1162 4755 ante
1178 4717 1207 4769 p.
1226 4704 1321 4757 tantae
1341 4734 1374 4743 -
1394 4684 1508 4759 indices.

219 4779 257 4845 5⁰11.
272 4792 337 4863 446,
358 4790 400 4847 33
420 4790 487 4859 quid
505 4789 547 4844 iiii
564 4794 662 4846 tantae
681 4791 721 4845 rei
740 4788 834 4844 fumus
851 4787 929 4845 iniix.
