4000 6050
851 464 1054 526 PODNULUS.

825 661 832 672 x
900 633 1009 698 Lucus.
1073 692 1075 703 .

472 729 628 792 nonedam.
668 729 728 791 Per.
745 747 801 808 ego
822 733 852 792 te
871 734 923 792 tua
943 732 1043 807 genua
1061 734 1275 815 osq'obseert,

473 828 512 886 Et
531 827 617 906 hune,
638 829 795 903 ooguttum
816 843 902 902 quem
922 830 1004 886 tuom
1025 826 1089 889 essa
1108 829 1264 907 intellege:
1373 880 1377 891 .

476 921 601 995 Quando
624 924 692 983 boni
713 923 792 1000 estis,
813 925 846 981 ut
865 923 958 982 bonos
978 923 1075 984 faeere
1095 923 1227 1006 addecet,

475 1019 521 1077 Ita
540 1019 627 1078 faeite
648 1022 678 1078 et
696 1020 794 1079 vostro
815 1017 996 1078 subveniatis
1017 1018 1156 1097 supplicii
1628 1093 1631 1098 ,

476 1100 653 1191 Iampridem
673 1113 809 1190 equidem
830 1115 902 1173 istas
922 1131 987 1173 esse
1008 1115 1081 1173 scivi
1100 1112 1208 1175 liberas
1552 1119 1610 1193 (20)
1662 1183 1667 1191 ,

351 1273 353 1278 ,
475 1209 513 1267 Et
533 1209 749 1288 exspectabam,
770 1211 795 1270 si
817 1201 882 1285 quis
903 1212 1046 1269 assereret
1064 1211 1162 1287 manu,

474 1305 551 1364 Nam
571 1322 654 1364 meae
675 1322 727 1365 eae
747 1305 866 1381 prdrsus
886 1322 945 1363 non
966 1307 1042 1382 sunt,
1063 1307 1125 1363 tum
1146 1307 1244 1365 autem
1263 1324 1371 1366 aurum
1385 1311 1468 1370 tuom

473 1399 615 1478 Reddam,
637 1398 716 1474 quod
736 1398 816 1476 apud
836 1417 882 1458 me
904 1402 957 1477 est,
978 1403 1008 1458 et
1027 1399 1227 1461 iusiurandum
1249 1399 1337 1480 dabo,

473 1494 520 1555 Me
540 1494 686 1556 malitiose
705 1495 747 1556 nil
766 1493 878 1572 feotsse,
899 1493 1114 1570 Agorastoclem

756 1620 760 1630 ι
837 1587 1078 1650 Aoonssnocnns.

476 1682 563 1757 Quod
583 1684 654 1744 mihi
674 1701 728 1760 par
748 1683 843 1744 faeere
864 1684 912 1763 sit,
933 1701 1047 1746 meeum
1067 1685 1183 1761 egomet
1202 1689 1360 1747 oonsulam.
1550 1688 1610 1765 (25)

474 1777 583 1840 Omitte
604 1780 709 1858 genua.
736 1845 739 1850 ,

904 1875 1013 1936 Lucus.

737 1971 830 2050 Mitto,
851 1971 938 2031 sitta
958 1971 1103 2031 sententia
1122 1969 1176 2030 est

838 2066 1079 2128 Aeonusnoonns.

326 2159 408 2220 Heus
427 2162 469 2238 tu,
489 2160 565 2222 leno.

444 2262 450 2273 “
901 2256 1011 2319 Ltous.

634 2349 712 2425 qnid
733 2353 868 2413 lenonem
887 2352 932 2411 vis
952 2351 1028 2410 inter
1046 2348 1219 2428 negotium?

837 2447 1078 2512 Asonssnocnns.

325 2541 365 2600 Ut
385 2542 503 2601 iamiam
523 2542 563 2602 mi
582 2544 736 2619 argentum
757 2541 873 2622 reddas,
893 2543 1065 2620 priusquam
1084 2543 1115 2603 in
1135 2542 1255 2603 nervom
1274 2542 1429 2604 abducere.

907 2639 1016 2704 Lucus.

329 2733 368 2793 Di
388 2735 510 2796 melitra
528 2735 635 2797 faxint!

836 2831 1078 2891 Aoonssnocnns.

687 2927 768 2988 Siout
786 2926 883 3006 video,
902 2927 1024 2987 otnabis
1043 2926 1122 2987 foris.

228 3015 303 3073 1385
323 3021 443 3105 Aurum,
464 3026 625 3107 argentum,
647 3026 763 3103 oollam,
783 3023 860 3104 leno,
881 3022 934 3084 tm's
953 3040 1000 3084 ras
1020 3024 1097 3083 nune
1117 3021 1207 3083 debes
1227 3023 1330 3083 semul.
1548 3023 1607 3098 (30)

853 3152 855 3160 .
894 3121 1012 3181 nimo.

324 3211 402 3285 Quid
422 3235 469 3277 mo
490 3218 520 3278 in
539 3218 596 3278 hto
615 3237 646 3279 ra
667 3218 763 3279 faeere
784 3217 895 3294 deuant,
917 3219 1034 3291 egomet
1054 3215 1168 3275 meeum
1187 3214 1294 3294 cogito.
1357 3250 1364 3259 -

325 3308 355 3369 Si
374 3313 441 3371 volo
462 3312 538 3374 hiano
558 3315 668 3393 uleisoi,
688 3314 749 3373 litis
769 3330 875 3389 sequar
894 3313 924 3371 in
945 3311 1040 3372 alieno
1061 3311 1181 3390 oppido,

325 3404 472 3478 Quantum
494 3408 598 3471 audivi
612 3410 762 3487 ingenium
783 3412 813 3469 et
833 3410 928 3468 moros
949 3408 1012 3469 eius
1032 3408 1091 3483 quo
1111 3411 1199 3485 paeto
1219 3408 1304 3467 sient.

577 3496 585 3507 '
761 3562 764 3569 ,
842 3504 1065 3564 Annnnnssums.

324 3596 366 3656 Mi
385 3598 478 3678 pater,
499 3619 536 3662 ne
556 3600 628 3676 quid
648 3601 703 3662 tibi
723 3602 788 3661 oum
802 3600 877 3660 istoo
896 3598 939 3657 rei
960 3599 1026 3677 siet,
1046 3613 1174 3679 amasso,
1195 3600 1325 3660 obseert.

846 3694 1070 3754 Auunuasmms.

225 3784 301 3840 1390
321 3787 462 3850 Ausculta
482 3792 587 3852 sorori:
609 3792 668 3868 abi,
690 3790 826 3868 disiunge
846 3791 1015 3851 inimicitias
1035 3808 1100 3851 oum
1121 3790 1264 3868 improbo.

428 3887 437 3905 '
896 3886 1013 3947 Hunno.

321 3982 386 4040 Hoe
406 3999 461 4056 age
482 3983 532 4060 sis,
554 3983 629 4041 leno.
671 3982 855 4060 Quamquam
875 3982 931 4058 tgo
952 3987 981 4042 to
1001 3984 1151 4062 meruisse,
1172 3984 1205 4043 uit
1224 4000 1337 4072 pereas,
1358 3979 1427 4060 seio,

323 4076 389 4135 Non
411 4078 545 4153 experiar
563 4080 668 4137 tecum.

383 4324 463 4380 1371.
482 4306 562 4383 eddd.
580 4333 608 4379 te
626 4331 721 4382 tuate
739 4342 832 4396 genua
850 4327 976 4383 obseoro.
1011 4324 1112 4379 Deleto
1132 4324 1168 4379 ab
1188 4324 1249 4379 aliis
1267 4329 1295 4379 te
1314 4325 1409 4381 addidi
1428 4341 1486 4383 oro.
1523 4326 1602 4382 1374.

304 4410 385 4466 codd.
403 4428 485 4467 omm.
503 4414 553 4481 lta,
573 4414 648 4482 quod
667 4414 769 4470 addidi.
812 4416 892 4472 1375.
908 4430 971 4469 esse
991 4414 1061 4471 solvi
1079 4413 1210 4469 Botuiuo:
1228 4412 1309 4467 codd.
1327 4415 1397 4478 snivi
1415 4430 1487 4472 esso.
1524 4416 1603 4471 1376.

300 4499 333 4555 P.
351 4498 388 4554 Ut
406 4516 433 4567 p.
452 4500 497 4558 itt.
534 4501 643 4557 Deinde
670 4502 706 4559 D.
725 4502 748 4558 si
767 4504 814 4570 qui
833 4518 889 4570 aas,
919 4502 950 4557 P.
968 4502 993 4557 ai
1011 4500 1075 4570 quis
1093 4514 1151 4555 eas.
1197 4499 1296 4554 Delevi
1325 4517 1381 4562 eas.
1426 4503 1462 4561 D.
1481 4518 1601 4562 mum.

301 4588 380 4645 1377.
408 4588 489 4644 eodd.
509 4605 588 4645 omm.
609 4603 666 4658 eae,
695 4589 770 4657 quod
799 4588 903 4644 addidi.
940 4588 1049 4644 Deinde
1075 4588 1111 4645 D.
1129 4602 1250 4657 prosum,
1277 4588 1309 4646 P.
1327 4588 1485 4655 prohemus.
1522 4590 1602 4646 1380.

298 4675 333 4729 D.
352 4677 467 4731 situum
487 4682 607 4746 egomet.
643 4676 712 4730 Inde
731 4692 784 4733 sor.
803 4677 841 4731 sit
859 4690 965 4731 meeum
985 4679 1105 4743 egomet.
1141 4676 1171 4730 P.
1192 4676 1228 4729 sit
1246 4680 1338 4730 tamen
1357 4682 1477 4745 egomet.
1523 4678 1603 4732 1383.

297 4763 377 4819 oodd.
397 4764 523 4821 Utinam:
543 4782 596 4820 sor.
615 4764 654 4821 Ut
671 4763 801 4820 iamiam:
838 4763 917 4821 1384.
936 4762 1018 4820 oodd.
1037 4763 1077 4817 sio
1095 4768 1151 4818 est:
1170 4778 1224 4818 aar.
1244 4763 1327 4819 sieut»
1373 4765 1452 4821 1385.
1471 4765 1505 4820 Ι).
1524 4778 1556 4822 ro
1573 4778 1601 4833 p.

297 4865 351 4920 res,
370 4852 401 4907 P.
419 4857 457 4908 te.
493 4852 603 4909 Deinde
623 4853 712 4909 semul
731 4854 766 4911 D.
784 4854 828 4907 P.:
848 4853 884 4909 V.
904 4851 997 4909 semel.
1048 4851 1126 4905 1386.
1145 4849 1227 4907 oodd.
1245 4865 1326 4908 omm.
1346 4852 1385 4918 in,
1401 4853 1478 4919 quod
1496 4850 1601 4909 addidi.

299 4938 506 4997 13377811.
563 4942 642 4998 1388.
661 4941 696 4997 V.
715 4941 750 4998 D.
769 4942 846 5009 quod
863 4957 891 5009 p.
910 4955 975 5009 quo.
1032 4941 1111 4993 1389.
1127 4939 1164 4994 D.
1182 4938 1218 4995 Ni
1236 4956 1262 5009 p.
1281 4941 1327 4997 Mi.
1363 4939 1398 4995 D.
1418 4956 1451 4995 ae
1469 4952 1599 5001 mutum.

299 5026 369 5080 Inde
388 5042 440 5085 sor.
459 5042 578 5085 amasso.
615 5029 647 5085 P.
666 5032 694 5083 te
714 5043 848 5083 maxume.
885 5029 966 5087 1330.
982 5029 1019 5083 D.
1039 5026 1163 5098 diiunge.
