4000 6050
947 521 949 528 ,
989 460 1129 520 PLAUTi

935 630 1177 692 Aaoaaenocnaa

834 723 939 802 Neque
958 743 1025 807 ogo,
1044 729 1070 790 ai
1090 745 1192 790 aarum
1211 727 1284 788 mihi
1303 726 1411 788 redden
1428 730 1535 807 medm,

423 825 515 902 Leno,
536 821 654 898 quando
674 839 712 882 ex
731 839 821 882 nervo
839 823 964 884 eminane
984 823 1173 900 compingite
1193 824 1223 884 in
1243 823 1398 884 carcerem.

1001 953 1111 1014 Lacus.

423 1049 525 1126 Iamne
544 1050 641 1108 antem
661 1049 693 1108 nt
714 1044 813 1107 solea?
834 1079 874 1089 -
893 1045 967 1126 Ego,
989 1049 1098 1126 Poene,
1118 1045 1172 1109 tibi
1191 1066 1238 1108 me
1258 1049 1414 1125 pingatum
1434 1051 1511 1128 void,

332 1141 403 1198 1395
424 1143 545 1220 Siquid
566 1143 625 1203 dixi
646 1144 736 1202 iratae
757 1141 912 1202 tdvoreum
933 1144 1023 1203 animi
1042 1144 1085 1204 tii
1106 1145 1290 1222 sententiam,
1645 1142 1704 1217 (40)

424 1241 463 1300 Et
483 1245 515 1299 ui
533 1241 670 1316 ignescas
690 1254 799 1314 quaeso
820 1240 849 1296 et
869 1239 935 1296 cim
955 1239 1028 1298 istae
1052 1239 1188 1300 invenisti
1208 1238 1293 1317 filiae,

350 1341 354 1362 ¹
424 1337 470 1394 Ita
490 1352 537 1395 me
558 1333 587 1392 di
608 1337 715 1412 ament,
736 1333 767 1392 id
788 1331 858 1394 mihi
878 1333 984 1412 volupe
1007 1338 1060 1394 eat.

998 1463 1115 1524 Hanno.

1086 1556 1180 1618 Credo
1201 1561 1231 1618 et
1249 1560 1371 1635 ignosco
1392 1560 1455 1621 tibi.

925 1689 1179 1749 'Aammnoamaa

423 1784 515 1863 Leno,
535 1786 567 1850 tu
588 1783 639 1843 adt
659 1783 783 1843 amicam
804 1781 875 1841 mihi
896 1781 948 1843 dea
968 1787 1021 1843 aut
1041 1786 1104 1844 anri
1124 1783 1233 1844 reddas
1252 1777 1395 1843 minam

1000 1906 1109 1974 an'ns.

423 2010 481 2070 Vin
500 2009 651 2070 tibicinam
672 2027 766 2070 meam
786 2005 918 2069 habere?

935 2139 1179 2200 Annmmomons.
1249 2150 1253 2156 ’

966 2234 1017 2294 Nil
1036 2234 1134 2294 moror
1152 2232 1312 2298 tibicinam,

331 2329 403 2386 1400
421 2331 555 2409 Nescita,
574 2332 670 2392 utrum
691 2329 719 2389 ei
738 2329 864 2392 maiores
883 2328 1031 2391 buccaene
1051 2331 1091 2389 an
1110 2327 1358 2429 mammaeeidnt.

998 2458 1108 2519 Laena.

422 2558 518 2634 Dabo,
539 2555 619 2632 qnod
639 2557 764 2634 placeat.

932 2669 1174 2745 Aeonasnocnes.

823 2781 942 2874 timeto.
1007 2854 1010 2861 .

991 2910 1111 3066 ciffi
1123 3022 1188 3067 crae
1208 3004 1247 3066 ad
1266 3005 1296 3065 te
1316 3002 1440 3067 refotam
1459 3006 1549 3067 tuom.

934 3135 1176 3197 Aoonaanocnna

425 3226 529 3287 Facito
549 3233 580 3293 in
601 3230 742 3291 memoria
762 3228 883 3291 habeas.

1002 3361 1111 3421 Lacus.
1132 3345 1136 3356 ’

874 3540 878 3545 ¹
933 3453 1027 3540 Miles,
1047 3473 1169 3532 coquere
1189 3474 1245 3517 me.

745 3616 771 3631 ιι
890 3628 891 3635 .
931 3584 1174 3648 tammonem.

1264 3682 1330 3759 Ego
1343 3693 1418 3743 ‘vero
1438 3685 1553 3759 eequdr.

933 3812 1174 3873 Aooaaeaocnne.

425 3904 503 3979 Quid
524 3907 577 3987 aia,
599 3905 725 3984 patrue?
747 3908 866 3983 quando
886 3907 955 3968 hinc
973 3912 1017 3969 tre
1037 3909 1151 3985 cogitas
1171 3906 1401 3984 Carthaginem?

422 4003 499 4064 Nam
519 4005 616 4064 tecum
636 4005 695 4102 ima
715 4010 761 4064 me
781 4003 823 4063 ire
843 4002 953 4064 certum
974 4008 1027 4064 eat
1194 4014 1197 4020 '

480 4400 559 4463 1392.
577 4402 609 4464 P.
627 4420 680 4462 om.
699 4420 761 4475 ego.
798 4400 833 4463 D.
852 4402 875 4459 ai
894 4417 1053 4460 meantum
1071 4397 1180 4459 redden.
1240 4400 1319 4462 1394.
1338 4402 1419 4463 coda
1438 4405 1700 4464 monoclerum.

399 4489 510 4545 Deinde
525 4490 598 4548 coiea
616 4492 663 4549 P.:
681 4493 716 4548 D.
735 4493 815 4553 sciet.
852 4492 976 4561 Denique
995 4490 1031 4551 D.
1048 4494 1209 4561 pugnatum.
1260 4490 1339 4551 1395.
1358 4492 1394 4548 D.
1412 4493 1569 4550 aduersam.
1619 4494 1697 4548 1397.

399 4575 481 4635 codd.
500 4578 565 4634 mihi
584 4580 736 4650 uoluptatis
754 4585 811 4637 eat:
839 4595 891 4637 aar.
920 4578 1043 4635 mmihi
1069 4578 1172 4649 volupe
1200 4584 1253 4635 eet.
1288 4579 1397 4635 Deinde
1424 4581 1505 4637 codd.
1528 4582 1642 4650 ignosco
1671 4586 1699 4636 et

401 4663 496 4721 credo:
516 4670 568 4725 scr.
587 4668 670 4723 credo
689 4671 718 4723 et
736 4668 859 4739 ignosco.
897 4664 976 4728 1398.
995 4666 1076 4722 codd.
1087 4670 1119 4720 tu
1131 4668 1224 4721 autem
1242 4682 1270 4735 p.
1289 4671 1321 4722 tn
1339 4674 1396 4725 ant.
1424 4667 1532 4723 Deinde
1550 4668 1631 4725 codd.
1649 4670 1700 4723 dea

363 4752 365 4759 ’
396 4750 485 4806 ¹factio
503 4758 553 4807 aut
569 4754 630 4810 anri
648 4755 714 4809 mihi
731 4754 833 4810 reddas
851 4752 966 4823 minam,
993 4754 1047 4809 nini
1074 4754 1150 4823 qnod
1175 4755 1207 4813 P.
1226 4756 1319 4810 omnia
1336 4770 1364 4824 p.
1382 4755 1493 4811 minam.
1529 4754 1628 4810 Deievi
1650 4754 1698 4810 fa·

401 4839 471 4893 cito
490 4842 519 4893 et
537 4839 646 4897 mint<
680 4843 759 4900 1400.
778 4840 813 4899 V.
831 4841 885 4897 eim
904 4856 1002 4911 morea,
1019 4842 1055 4900 D.
1073 4841 1100 4897 ei
1119 4856 1210 4898 morea
1229 4872 1264 4885 -·
1283 4856 1435 4898 amammae
1452 4857 1479 4911 p.
1499 4858 1535 4898 an
1553 4857 1696 4902 mammae.

400 4927 479 4984 1401.
497 4927 532 4983 D.
551 4942 578 4997 q.
596 4944 623 4999 p.
642 4928 724 4998 qnod.
770 4928 878 4986 Deinde
905 4929 986 4987 codd.
1012 4944 1091 4987 cnm:
1115 4944 1167 4986 aar.
1195 4932 1302 4986 corato.
1337 4927 1465 4997 Denique
1483 4945 1546 4987 orae
1564 4929 1602 4985 ad
1620 4935 1648 4985 te
1665 4932 1697 4986 P.

402 5015 492 5073 aoiue:
510 5016 545 5076 V.
563 5016 597 5074 D.
616 5032 711 5073 crassa
728 5020 766 5074 te.
803 5015 882 5075 1402.
900 5016 935 5073 D.
954 5016 1051 5078 Paeto.
