4000 6050
1024 507 1164 586 rmuir

639 714 795 780 Revertor
817 710 928 780 sersus
952 708 1057 778 denue
1080 706 1326 792 Carthaginem:

642 817 677 884 Si
701 817 778 900 quid
801 817 956 884 mandere
978 815 1073 882 voltis
1097 815 1154 880 ait
1175 814 1325 897 eurarier,

587 975 590 980 ,
641 923 819 1007 Argentum
841 924 903 992 nisi
927 922 982 1006 qui
1005 920 1137 1003 dederit,
1161 921 1265 1004 negas
1288 923 1399 1004 egerit,

640 1029 759 1096 Verum
781 1029 836 1112 qui
859 1028 993 1111 dederit,
1017 1026 1122 1109 mages
1146 1026 1282 1093 maieres
1304 1029 1415 1110 egerit.

642 1132 707 1199 Sed
728 1133 776 1200 illi
800 1133 914 1216 petrue
937 1134 1080 1215 huiusce,
1105 1134 1161 1214 qui
1182 1130 1262 1198 vivit
1285 1131 1394 1214 senex,

629 1239 900 1328 ,Carthaginiensi
922 1239 1007 1308 duae
1029 1238 1119 1305 fuere
1141 1235 1238 1317 filiae,

641 1346 752 1412 Altera
775 1345 998 1429 quinquennis,
1023 1343 1126 1410 altere
1148 1339 1360 1424 quadrimule.

641 1451 721 1518 Cum
742 1451 865 1517 nuuiee
886 1451 952 1516 ina
973 1450 1111 1533 periere:
1137 1447 1158 1512 e
1179 1445 1361 1529 Magalibris

640 1556 705 1621 Das
729 1557 784 1639 qui
806 1555 983 1639 subripuit,
1007 1555 1041 1619 iu
1063 1551 1271 1619 Anaeterium
1294 1549 1432 1633 devehit,

640 1660 820 1744 Venditque
842 1679 900 1728 eas
922 1660 1035 1741 emnis,
1059 1664 1092 1724 et
1113 1660 1270 1728 nutrieem
1291 1663 1324 1724 et
1345 1656 1499 1740 virgines,

641 1767 807 1834 Praesenti
829 1765 963 1850 argente
986 1764 1118 1846 homini,
1143 1767 1171 1830 si
1194 1764 1339 1851 lenoest
1360 1761 1465 1844 home,

641 1873 801 1950 Quantum
823 1870 986 1940 homiuum
1008 1871 1095 1937 terra
1117 1867 1261 1951 sustinet,
1285 1868 1476 1934 saeerrume.

636 1978 767 2044 Vosmet
788 1997 873 2043 nune
896 1976 992 2042 ideite
1016 1975 1230 2042 eenieetdram
1252 1974 1414 2057 eeterdm,

642 2080 726 2160 Quid
747 2080 781 2147 id
804 2083 846 2147 sit
867 2082 1015 2163 heminis,
1040 2081 1091 2147 eui
1112 2081 1202 2164 Lyee
1224 2098 1340 2146 nomen
1363 2078 1433 2146 siet.

641 2188 674 2254 Is
697 2207 738 2254 ex
760 2187 943 2269 Aneetorie,
967 2187 1020 2254 ubi
1043 2186 1131 2270 priris
1153 2184 1365 2273 habitaverit,

546 2279 555 2298 ‘
644 2293 713 2359 Hue
735 2293 768 2358 in
792 2291 990 2375 Calydenem
1014 2291 1245 2374 commigrevit,
1268 2288 1357 2356 haue
1380 2289 1436 2357 diu
1457 2289 1518 2373 est,

643 2397 701 2464 Sui
724 2397 848 2479 quaesti
870 2397 979 2463 enisa.
1003 2396 1031 2463 is
1053 2396 1087 2462 in
1108 2396 1174 2463 illis
1196 2396 1322 2462 hdbitat
1344 2395 1488 2464 aedibus.
1579 2424 1581 2427 ·

641 2504 761 2570 Earum
782 2502 834 2568 hie
858 2502 1049 2572 adulescens
1070 2504 1208 2570 alteram
1231 2501 1379 2569 eeiiietim
1400 2502 1485 2584 perit

642 2605 741 2674 Suam
765 2608 825 2674 sibi
847 2609 1019 2692 eognetam
1040 2610 1226 2693 inprudens,
1249 2608 1354 2691 neque
1376 2607 1446 2689 seit,
1470 2627 1554 2689 quae
1577 2607 1647 2690 siet,

640 2713 751 2796 Neque
774 2733 845 2780 eam
867 2734 1019 2797 umquam
1040 2715 1158 2799 tetigit:
1182 2715 1229 2780 ita
1251 2733 1324 2781 eum
1347 2712 1419 2779 leno
1442 2713 1594 2780 maceret

641 2818 752 2900 Neque
775 2819 944 2902 quiequam
967 2819 1039 2886 uem
1062 2841 1102 2888 ea
1123 2821 1200 2888 feeit
1221 2820 1395 2886 etiamnum
1418 2821 1519 2900 stupri

644 2923 755 3006 Neque
778 2923 869 2990 duxit
890 2926 1041 3008 nimquam
1064 2947 1168 3010 neque
1189 2926 1245 2992 ille
1267 2924 1368 2991 veluit
1389 2924 1523 2990 mittere.

643 3028 726 3106 Quia
748 3050 856 3098 amare
880 3032 990 3116 eernit,
1014 3037 1148 3116 tangere
1169 3031 1330 3099 heminem
1351 3031 1419 3097 volt
1440 3032 1523 3099 bole.

642 3136 735 3201 Illam
757 3136 909 3204 minerem
930 3138 965 3205 in
987 3138 1231 3204 concubinatum
1254 3137 1317 3203 sibi

644 3240 719 3307 Volt
740 3261 844 3309 emere
866 3245 958 3311 miles
982 3243 1122 3327 quidam,
1147 3242 1201 3325 qui
1221 3242 1315 3309 illam
1338 3242 1469 3324 deperit.

646 3344 711 3411 Sed
734 3352 826 3429 pater
847 3348 974 3416 illerum
996 3350 1123 3415 Poenus
1145 3348 1316 3431 pestquem
1338 3346 1488 3431 perdidit,

629 3450 726 3515 2Mari
748 3442 975 3539 terrequeeas
998 3453 1251 3538 usque-queque
1273 3452 1439 3535 quaeritet.

645 3556 707 3623 Ubi
731 3577 891 3641 quamque
912 3560 946 3626 in
968 3561 1078 3627 erbem
1100 3560 1129 3626 is
1151 3565 1201 3625 est
1222 3558 1395 3642 ingressus,
1417 3557 1491 3625 ilice

647 3660 764 3729 Omnes
788 3668 980 3750 meretriees,
1003 3666 1057 3732 ubi
1080 3666 1213 3749 quisque
1235 3664 1390 3746 hebitant
1414 3663 1551 3731 invenit:

517 3882 560 3939 80.
580 3882 614 3940 V.
634 3884 669 3941 D.
689 3885 845 3957 amandare,
864 3887 894 3941 P.
914 3886 1091 3942 demandare.
1128 3887 1172 3941 82.
1191 3884 1272 3942 cedd.
1291 3899 1317 3943 0.
1335 3883 1426 3956 magis
1444 3885 1565 3940 maiores
1583 3899 1673 3952 nugas
1692 3898 1756 3953 ege·

444 3968 487 4024 rit.
520 3968 647 4025 Ceterum
667 3971 700 4028 ef.
720 3974 789 4042 proi.
808 3976 837 4029 in
854 3975 928 4031 Men.
946 3974 1064 4033 el-ee.
1099 3976 1143 4031 83.
1163 3973 1245 4033 eedd.
1263 3973 1359 4029 huius:
1378 3972 1478 4043 seripsi
1494 3971 1623 4028 huiusne.
1657 3971 1701 4027 85.
1719 3970 1755 4027 ef.

444 4055 526 4123 Epid.
546 4058 570 4127 3,
589 4058 615 4127 4,
635 4060 670 4114 62
697 4058 785 4117 libere
812 4062 1040 4133 quinquennium.
1112 4064 1154 4117 86.
1182 4061 1339 4131 Magalibus
1358 4061 1539 4130 Camerarius,
1567 4060 1603 4118 ei.
1623 4060 1700 4117 Serv.
1719 4060 1756 4115 ad

444 4144 516 4201 Aen.
537 4147 561 4213 1,
580 4148 646 4202 368:
665 4147 746 4206 eodd.
766 4164 791 4204 ο.
810 4148 978 4220 Megaribus.
1017 4152 1060 4207 88.
1078 4152 1113 4210 V.
1126 4152 1160 4207 D.
1180 4166 1233 4211 om.
1252 4165 1319 4221 que:
1337 4150 1443 4207 uendit
1461 4151 1532 4208 Non.
1553 4150 1662 4220 397,23
1681 4148 1756 4204 Ven-

445 4233 487 4289 dit
505 4250 554 4290 000
574 4235 665 4291 erinis.
704 4236 747 4294 89.
776 4236 812 4293 V.
831 4237 865 4295 D.
884 4252 1017 4307 praesens
1035 4256 1063 4310 p.
1081 4240 1236 4310 praesenti,
1260 4240 1314 4294 nisi
1333 4237 1409 4308 qued
1426 4238 1461 4294 V.
1479 4239 1621 4305 premens.
1641 4238 1671 4295 P.
1691 4237 1755 4306 iyee

444 4340 472 4392 p.
491 4323 605 4379 sileno.
642 4325 685 4380 De
703 4321 781 4381 hiatu
800 4330 865 4395 pest
883 4332 1000 4395 argente
1020 4326 1055 4383 ei.
1074 4328 1168 4387 Herm.
1187 4328 1267 4385 elem.
1283 4344 1313 4397 p.
1334 4327 1395 4383 191.
1459 4327 1503 4383 90.
1521 4326 1553 4381 P.
1573 4339 1755 4383 saeerrumus.

444 4411 725 4483 94.rnea1yd0nem
750 4413 941 4485 eemmigravit
963 4416 1007 4473 ed.
1026 4414 1173 4471 Brixiann:
1200 4414 1281 4472 eodd.
1305 4414 1499 4486 commigravit
1523 4414 1552 4468 in
1575 4414 1755 4485 Calydonem,

444 4499 499 4554 nisi
526 4499 602 4567 qued
629 4501 663 4557 D.
683 4500 826 4559 Calidone.
871 4502 979 4559 Deinde
998 4502 1032 4559 V.
1051 4505 1087 4562 D.
1105 4501 1224 4570 heudiu,
1251 4505 1283 4559 P.
1303 4503 1392 4573 haud,
1419 4518 1473 4559 em.
1492 4501 1549 4558 diu.
1579 4500 1685 4558 Addidi
1703 4507 1754 4558 est.

445 4586 489 4641 95.
507 4584 538 4641 P.
558 4587 618 4643 Nisi
636 4604 664 4657 p.
683 4587 741 4647 Sui.
778 4590 821 4647 96.
840 4591 875 4648 D.
894 4589 1037 4649 efflictum.
1056 4592 1092 4649 ef.
1110 4593 1181 4650 Non.
1199 4593 1261 4663 104,
1280 4594 1324 4650 99.
1361 4594 1405 4651 97.
1423 4593 1455 4648 Ρ.
1474 4590 1512 4645 sit
1528 4606 1557 4659 p.
1575 4590 1637 4661 siet,
1656 4589 1690 4647 V.
1709 4605 1755 4645 ne·

446 4690 500 4743 que
519 4656 555 4727 iit
573 4690 645 4745 quae
664 4676 708 4746 sit,
726 4677 761 4732 D.
780 4693 872 4747 neque
891 4693 963 4747 quae
981 4681 1026 4749 eit,
1045 4694 1099 4737 om.
1118 4682 1179 4741 seit.
1244 4682 1288 4739 99.
1308 4680 1343 4738 V.
1363 4680 1512 4749 etiamnun,
1539 4679 1570 4733 P.
1590 4679 1755 4748 etiamnune,

445 4764 479 4819 D.
499 4762 582 4818 etiam
601 4778 665 4819 non.
703 4765 764 4823 101.
783 4765 818 4823 V.
837 4766 872 4824 D.
891 4766 948 4821 ueli
967 4783 994 4837 p.
1013 4768 1082 4826 uolt.
1101 4767 1131 4824 P.
1151 4769 1215 4825 1000
1234 4786 1262 4838 p.
1280 4768 1354 4827 bolo.
1402 4768 1461 4824 102.
1481 4766 1516 4824 D.
1535 4766 1756 4835 eeneubinetam,

445 4852 478 4910 P.
496 4851 685 4909 concubinam.
742 4855 802 4910 103.
822 4853 857 4912 V.
877 4855 911 4913 D.
929 4854 1046 4926 peperit.
1102 4857 1162 4912 104.
1182 4856 1217 4914 V.
1234 4857 1270 4915 D.
1289 4856 1329 4912 ilii
1346 4855 1376 4910 in
1399 4872 1427 4924 p.
1445 4855 1561 4911 illerum.
1597 4855 1707 4911 Deinde
1725 4856 1755 4912 P.

445 4944 592 5009 postquam
611 4955 660 4996 eas
679 4940 807 5009 perdidit,
826 4942 862 5001 V.
875 4943 910 5002 D.
928 4958 1064 5013 pesquam
1081 4960 1159 5001 meae
1177 4942 1307 5013 perdidit.
1337 4941 1437 4998 Delevi
1455 4941 1501 4997 hie
1519 4956 1590 5012 ees,
1609 4958 1690 5013 quam
1707 4957 1755 4997 vo·

446 5042 505 5082 aem
524 5028 616 5084 versui
636 5030 763 5097 sequenti
781 5029 893 5088 inserui.
966 5031 1027 5087 105.
1047 5030 1082 5088 V.
1100 5033 1136 5090 D.
1154 5031 1252 5089 Merite
1269 5046 1372 5102 usque,
1391 5033 1422 5088 P.
1440 5032 1545 5088 Minute
1562 5048 1662 5104 usque.
1680 5031 1755 5090 Dum.

445 5115 569 5188 Matique
589 5120 718 5188 terraque
736 5132 834 5188 usque.
871 5120 932 5177 196.
952 5119 1035 5177 eoed.
1053 5120 1150 5177 urbem
1169 5125 1224 5177 est:
1244 5118 1339 5176 addidi
1357 5119 1391 5176 is.
