4000 6050
925 530 927 534 ’
995 524 1176 606 rmum
1251 608 1253 611 ,
1441 551 1486 623 (u,
1505 555 1532 621 4,
1550 554 1667 624 fre-er)

826 711 829 718 ’
928 731 1198 796 Aonnenemnn·

492 838 554 906 Ubi
576 841 650 904 sunt
667 834 733 901 hee
756 839 811 902 aut
834 835 917 918 quae
941 836 1038 902 sunt?
1061 835 1204 901 obsecro.

448 953 452 960 ·
704 945 706 952 ’
922 937 1204 1008 Aocnnurocnusi

1130 1068 1134 1078 ¹
1236 1043 1323 1110 Satis
1345 1044 1414 1110 hae·
1429 1049 1505 1110 sunt
1525 1044 1716 1112 maceratae.

995 1151 1130 1216 Hanno,
1486 1150 1488 1153 ’

492 1257 576 1338 Quin
599 1259 752 1342 eloquer?

740 1448 741 1456 ἵ
921 1360 1204 1430 Asonnsuocnns.

787 1465 840 1532 Sic
863 1486 977 1534 censeo
1000 1467 1118 1548 hercle,
1142 1471 1266 1548 patrue·

933 1573 1193 1638 Annmmsrcn.

1289 1677 1414 1743 ,Misera
1436 1676 1541 1757 timeo,

491 1784 576 1863 outo
599 1785 660 1851 hoc
682 1784 723 1852 sit
744 1785 862 1868 negdti,
886 1805 959 1852 mea
982 1783 1086 1850 soror:
1110 1782 1156 1848 ita
1171 1780 1302 1865 stupida
1324 1785 1394 1850 slne
1410 1783 1515 1848 animo
1531 1782 1634 1848 adsto.
1654 1792 1712 1862 (80)

994 1889 1129 1954 Hanno.

340 2006 411 2064 1240
484 1995 651 2062 Advortite
674 1994 824 2078 animum,
847 1992 1012 2061 mulieres:
1035 1994 1181 2076 primum,
1205 1993 1232 2059 ei
1255 1993 1289 2059 id
1311 1991 1382 2058 fleri
1405 1998 1523 2075 posset,

488 2102 537 2169 Ne
558 2100 690 2182 indigna
712 2101 855 2184 indignis
878 2101 912 2165 di
935 2097 1057 2184 darent,
1080 2098 1116 2163 id
1138 2118 1198 2182 ego
1222 2098 1535 2165 evenlssetuellem:

487 2208 579 2274 Nunc
602 2206 686 2290 quod
708 2208 784 2272 honi
806 2205 883 2271 mihi
906 2204 939 2270 di
963 2203 1093 2285 dandnt,
1117 2204 1207 2271 vobis
1229 2204 1421 2285 vostraeque
1443 2203 1547 2284 matri,

450 2290 453 2308 ’
488 2312 566 2378 Dius
590 2312 640 2378 dis
663 2317 712 2378 est
734 2310 869 2394 aequom
893 2310 1015 2393 gratids
1038 2329 1098 2375 nos
1121 2313 1219 2392 algere
1242 2309 1463 2391 sempiternas,

490 2418 570 2484 Cum
592 2423 735 2484 nostram
758 2419 912 2499 pietatem
935 2414 1116 2500 adprobent
1139 2414 1352 2496 decorantque
1375 2414 1409 2480 dl
1431 2414 1635 2480 immortales.
1655 2422 1711 2492 (85)

485 2524 552 2590 Vos
572 2545 663 2592 meae
686 2523 762 2590 estis
785 2523 899 2588 ambae
922 2521 1008 2588 filiae
1031 2519 1137 2587 ethio
1160 2525 1209 2586 est
1232 2519 1386 2603 eogndtus
1410 2525 1527 2602 voster,

486 2629 626 2698 Huiusce
648 2629 756 2696 frdtris
779 2627 862 2694 filiis
886 2625 1123 2711 Agorastocles.

929 2734 1189 2798 Annnrnrsmn.

1004 2920 1008 2930 ¹
1147 2837 1281 2916 Amabo,

487 2945 570 3013 Num
593 2944 626 3010 hi
649 2945 732 3012 falso
756 2945 919 3012 oblectant
941 2944 1060 3029 gaudio
1083 2943 1166 3010 nos?

917 3052 1202 3117 Aoomsuocnns.

1199 3154 1243 3219 At
1264 3152 1310 3241 ita
1331 3152 1383 3219 md
1406 3150 1443 3219 di
1460 3158 1598 3235 servent,

487 3262 529 3331 Ut
551 3262 718 3346 hicpator
738 3266 789 3333 est
810 3262 927 3331 voster·
974 3260 1058 3327 Date
1080 3260 1205 3326 manus.
1318 3297 1342 3315 ι.

931 3368 1192 3433 Aonnrnnsrun·

1243 3468 1342 3537 Salvo
1364 3469 1525 3553 insperate
1546 3470 1637 3547 nobis

486 3578 582 3644 Pater
604 3583 637 3645 ct
660 3576 827 3661 complecti
848 3597 908 3646 nos
930 3576 1011 3645 sind.

925 3685 1191 3750 Aunnnssumrs.

1041 3787 1157 3870 Oupitc
1179 3791 1276 3868 atque
1298 3786 1484 3871 exspectate
1652 3797 1708 3866 (90)

487 3894 592 3975 Pater,
616 3894 722 3961 salver
744 3890 858 3961 dmbae
880 3892 966 3959 liliad
990 3912 1115 3960 sumus:
1138 3892 1371 3974 amplectamur
1394 3895 1517 3964 ambae.

486 4143 564 4201 1237.
582 4142 634 4199 hoe
653 4144 684 4199 P.
705 4136 794 4198 sclu's:
815 4142 900 4197 ceteri
919 4147 976 4201 eae.
1004 4143 1112 4199 Deinde
1130 4144 1166 4202 A.
1186 4158 1241 4214 qua
1258 4160 1286 4212 p.
1305 4159 1384 4214 quae,
1402 4144 1438 4199 D.
1456 4143 1488 4198 P.
1506 4157 1576 4211 quae
1593 4158 1619 4212 p.
1638 4156 1709 4212 quac

406 4236 479 4289 sunt.
515 4232 643 4301 Denique
670 4228 743 4285 Satis
770 4230 823 4285 hae
852 4236 918 4285 sunt
946 4236 1102 4287 maceratae
1130 4233 1273 4289 Aeolus:
1301 4233 1336 4289 D.
1355 4233 1385 4289 P.
1410 4232 1478 4287 satis
1505 4231 1707 4287 immaceratae.

347 4378 349 4385 ,
407 4321 486 4376 1238,
505 4320 540 4377 A.
561 4318 633 4384 Quoi
652 4334 678 4387 p.
699 4318 789 4383 Quin·
809 4318 918 4373 Deinde
938 4334 1000 4373 cunr
1020 4320 1134 4375 lacuna:
1153 4320 1267 4389 eloquar
1279 4364 1286 4378 .
1300 4361 1307 4375 .
1321 4359 1327 4375 .
1340 4363 1346 4378 .
1360 4334 1471 4375 censeo.
1507 4318 1576 4374 Inde
1596 4334 1648 4377 sor.
1667 4319 1708 4374 sic

406 4423 516 4465 censeo.
551 4406 680 4476 Denique
697 4404 790 4485 hercle
804 4410 952 4475 ..patrue
988 4407 1023 4465 D.
1043 4407 1074 4463 P.
1093 4421 1160 4476 ergo
1178 4423 1205 4474 p.
1225 4406 1325 4463 hercle.
1363 4407 1443 4464 1240.
1462 4410 1559 4488 ppsset
1576 4406 1707 4463 Bothiue:

405 4494 485 4552 codd.
505 4494 601 4567 possit.
640 4493 718 4549 1241.
737 4492 877 4551 euenisset
894 4492 928 4548 A.
949 4493 1037 4550 solus:
1057 4495 1142 4550 ceteri
1161 4495 1280 4552 euenire.
1336 4494 1415 4554 1242.
1433 4496 1464 4551 P.
1484 4495 1523 4550 dii
1541 4495 1616 4550 mihi.
1653 4495 1707 4550 De·

406 4583 470 4638 inde
489 4582 597 4637 danunt
615 4581 650 4641 A.
670 4582 717 4638 V.:
746 4581 780 4640 D.
799 4580 905 4651 danint,
932 4583 963 4639 P.
984 4582 1059 4641 dant.
1097 4582 1224 4652 Denique
1242 4584 1277 4639 A.
1296 4587 1472 4652 uestraeque.
1527 4584 1605 4637 1243.
1626 4582 1706 4639 codd.

405 4671 473 4725 Eas:
492 4686 544 4727 scr.
563 4669 640 4724 ldius.
698 4669 776 4725 1244.
796 4666 831 4724 A.
851 4668 903 4723 dei.
961 4670 1040 4725 1245.
1058 4670 1089 4728 Ρ.
1109 4685 1163 4725 om.
1183 4663 1235 4728 cst.
1272 4671 1427 4747 Aceste.
1465 4670 1707 4737 1246.1>.filium.

404 4758 439 4817 D.
458 4759 489 4816 P.
508 4772 588 4814 omm.
606 4754 814 4824 Agorastocles.
858 4756 936 4813 1247.
956 4757 991 4813 Ι).
1010 4759 1041 4815 Ρ.
1061 4757 1211 4815 obiectant.
1249 4758 1358 4815 Deinde
1378 4758 1458 4817 codd.
1478 4774 1540 4814 cum
1558 4759 1593 4817 A.
1613 4773 1708 4815 omncs

404 4861 448 4901 me
465 4846 518 4899 ita:
539 4859 590 4899 scr.
609 4843 651 4897 ito
669 4858 721 4897 me.
757 4842 885 4910 Denique
904 4843 939 4897 A.
959 4843 1012 4899 dei.
1063 4844 1141 4900 1248.
1160 4844 1195 4905 D.
1214 4847 1362 4915 insperato.
1418 4845 1497 4904 1249.
1516 4852 1545 4900 et
1563 4848 1709 4917 complecti

404 4932 535 4989 Bothius:
563 4930 597 4987 V.
616 4932 646 4986 D.
666 4930 836 4999 ecomplecti‚
854 4932 886 4991 Ρ.
903 4936 990 5001 pater.
1028 4932 1105 4988 Poe.
1131 4932 1295 5003 complecti.
1331 4932 1441 4990 Deinde
1461 4934 1496 4991 V.
1515 4950 1566 4989 nos
1584 4952 1658 5006 eene,
1677 4938 1708 4992 P.

403 5006 498 5077 nosne.
535 5019 663 5091 Denique
680 5033 827 5098 personam
846 5018 1024 5073 Anterastilis
1042 5019 1208 5089 interposuit
1226 5020 1350 5078 Bothius.
1386 5021 1421 5077 D.
1440 5020 1471 5079 P.
1490 5027 1578 5077 totum
1596 5041 1705 5081 versum

404 5109 473 5165 dont
491 5106 671 5177 Adelphasio.
708 5106 788 5165 1250.
807 5103 841 5163 D.
862 5111 926 5170 sunt
940 5123 970 5193 ¹p.
990 5123 1094 5166 sumus.
1587 5100 1592 5110 ’
