4000 6050
978 438 1141 510 'nusum’
1456 455 1502 527 (v,
1521 449 1547 528 ⁶3
1566 452 1667 524 7-21)

991 631 1134 696 *Renum

667 723 671 734 ’
777 747 779 756 ’
902 758 914 780 ’·
945 735 1033 814 Quia
1056 735 1154 802 hasee
1176 733 1312 800 adfirmo
1334 721 1452 802 liberas

342 850 414 906 1330
442 859 445 870 ·
564 845 792 926 ingenuasque
811 841 883 910 esse
906 841 989 906 filias
1013 840 1249 921 ambasmeas,

565 949 656 1026 Quae
678 956 752 1016 sunt
774 950 942 1031 surruptae
964 965 1036 1011 eum
1059 946 1181 1012 nntriee
1204 945 1370 1027 parvulae.

1003 1052 1125 1115 Lucus.

567 1158 760 1242 Iampridem
783 1156 930 1240 equidem
953 1158 1037 1221 istun
1059 1154 1139 1220 scivi
1161 1159 1193 1219 et
1215 1157 1348 1222 miratus
1371 1156 1428 1238 fui,
1658 1163 1717 1238 (10)

566 1263 730 1330 Neminem
753 1264 874 1343 venne,
897 1261 952 1343 qui
975 1261 1056 1326 istas
1080 1257 1244 1325 adsereret
1267 1262 1372 1326 mand.

523 1441 525 1444 ,
564 1367 655 1434 Meae
679 1368 806 1449 quidem
823 1365 973 1450 umidum
997 1385 1063 1430 non
1086 1368 1169 1428 sunt.

926 1471 1214 1536 Annnumonmus.

1098 1559 1100 1562 ’
1203 1572 1301 1655 Leno,
1325 1572 1429 1638 iuius
1452 1572 1520 1639 eds·

890 1719 925 1726 ·‹
1004 1680 1126 1744 Lucus.
1274 1718 1278 1726 ·

564 1785 612 1851 De
636 1785 771 1870 prandia
795 1789 830 1850 tu
852 1783 948 1850 dieis:
972 1782 1116 1865 debetur,
1141 1782 1234 1848 dabd.

920 1889 1210 1954 neonusuocnns.

564 1981 1220 2079 mmmmmmm'

1007 2099 1130 2162 Lucus.

855 2241 868 2254 -=
1101 2240 1103 2247 ,
1180 2199 1277 2267 Sdme
1300 2199 1374 2267 hine
1397 2197 1571 2282 quidlubdt.

863 2351 868 2358 -
927 2347 929 2354 ·
992 2308 1127 2372 Hunno.

563 2415 604 2478 Et
626 2413 705 2480 milii·
725 2413 893 2497 suppliciis
918 2411 1035 2478 multis.

998 2517 1121 2582 Lucus.
1341 2564 1344 2569 ⁴

1059 2621 1156 2686 Sdme
1178 2618 1251 2684 hine
1274 2611 1447 2701 quidlubet.
1658 2627 1715 2697 (15)

562 2728 652 2796 (iolla
673 2748 741 2796 rem
764 2727 888 2794 sdlvam
909 2726 974 2791 iam
998 2726 1143 2791 omniiuis
1167 2724 1260 2807 quasi
1281 2724 1416 2792 baiolds.
1509 2712 1514 2717 ’

922 2833 1204 2896 Anaussnocnns

437 2970 438 2980 ¹
560 2935 723 3019 Numquid
745 2938 877 3004 reedsas
901 2942 1015 3002 eontra
1036 2936 1110 3002 ma?

1001 3043 1125 3108 Lucus.

1143 3142 1239 3210 Hadd
1261 3143 1393 3211 verbum
1416 3141 1554 3225 quidem.

916 3251 1201 3317 Aeounsnocnus.

335 3360 408 3416 1340
560 3358 608 3422 Ite
629 3356 726 3438 igitur
749 3359 841 3439 intro,
866 3355 1024 3423 mulieres·
1050 3354 1108 3421 sed
1132 3359 1245 3437 patrue
1268 3353 1323 3433 mi,

544 3460 672 3541 ..Tuam
697 3465 730 3527 ut
753 3459 871 3543 dixisti,
896 3462 973 3527 mihi
996 3458 1161 3543 despdnde
1185 3457 1294 3523 filiam.

990 3567 1126 3632 Hunno.

481 3734 484 3743 ,
571 3667 667 3735 Haud
690 3669 783 3740 aliter
805 3670 919 3747 adsim.

892 3856 899 3873 Ι
914 3775 1204 3842 Annunnomnns.

939 3880 1029 3948 Bene
1050 3880 1135 3948 vale·

913 3985 1200 4053 Aeoamnocma.

1004 4085 1007 4093 ’
1160 4091 1202 4155 nt
1222 4094 1258 4156 tu
1279 4088 1361 4155 bene
1383 4086 1468 4155 vald.

484 4316 564 4373 1329.
591 4315 626 4374 V.
645 4314 729 4371 hasne
757 4316 914 4375 mulibeuas.
951 4317 1020 4373 Inde
1047 4332 1101 4372 ser.
1127 4317 1212 4373 hasce
1241 4316 1356 4375 adfirmo
1376 4316 1487 4373 liberas.
1523 4315 1559 4371 D.
1576 4315 1607 4373 P.
1625 4315 1709 4369 husee

403 4403 487 4457 medo
503 4403 617 4461 liberas.
656 4405 735 4459 1331.
754 4403 788 4462 D.
808 4405 848 4459 Te
867 4421 893 4475 p.
914 4404 1000 4470 Quae.
1038 4404 1118 4461 1332.
1135 4404 1244 4465 uam.
1264 4405 1400 4476 equidem.
1439 4404 1517 4461 1333.
1535 4402 1570 4461 D.
1590 4395 1709 4459 manuam.

403 4488 496 4546 1333·
508 4490 543 4547 1).
562 4490 694 4561 prosario.
723 4476 838 4547 ,Deinde
866 4491 1012 4563 quidlubet
1037 4491 1196 4548 Acidalins:
1225 4493 1306 4550 codd.
1333 4493 1454 4564 quidem.
1503 4489 1709 4548 13311011.

403 4592 552 4647 personam
572 4581 649 4652 Lyci.
687 4579 757 4635 Post
784 4579 858 4636 hune
885 4596 998 4636 versum
1025 4579 1056 4635 in
1083 4580 1162 4639 eudd.
1182 4584 1282 4639 eatena
1309 4584 1462 4651 sequuntur
1484 4578 1568 4633 haee:
1596 4580 1655 4633 Au.
1673 4578 1709 4632 nt

404 4665 469 4720 mihi
488 4666 600 4735 quidem
619 4669 721 4724 minam
740 4669 785 4740 (D.
799 4670 950 4739 minimam)
963 4668 1080 4737 argenti.
1106 4669 1164 4740 Ly.
1177 4668 1261 4725 Sume
1270 4667 1335 4724 hina
1345 4667 1414 4736 quid
1426 4665 1511 4733 lubet,
1527 4680 1663 4734 quaeum.
1673 4666 1710 4722 A.

405 4754 485 4811 1338.
503 4755 538 4810 D.
555 4755 587 4814 P.
606 4754 740 4814 Colorem.
794 4757 1166 4825 quemamadmodum
1183 4755 1383 4827 Agorastoelis.
1418 4752 1528 4808 Deinde
1546 4752 1630 4809 Haud
1647 4768 1707 4809 ver·

402 4841 467 4895 bum
503 4840 664 4899 Turnebus:
702 4843 738 4899 A.
766 4859 821 4901 unu
858 4849 968 4901 tenore:
1012 4849 1110 4900 eontra
1135 4859 1179 4900 me
1209 4843 1285 4903 haud
1309 4843 1439 4912 uerbum5
1467 4841 1503 4899 D.
1532 4846 1630 4897 eontra
1656 4857 1708 4900 me.

332 4928 336 4931 ’
402 4928 569 5001 Aduersum,
589 4928 620 4987 P.
639 4934 737 4987 contra
753 4948 806 4992 me.
834 4932 893 5005 Ly.
911 4932 1079 4991 Aduersum.
1117 4932 1195 4990 1340.
1214 4932 1248 4989 D.
1267 4932 1334 4989 mihi
1352 4946 1379 5002 p.
1392 4923 1439 4986 mi.
1477 4929 1557 4987 1341.
1575 4928 1611 4990 Α.
1629 4929 1708 4991 dixti.

403 5015 483 5075 1242.
501 5017 536 5076 A.
556 5016 633 5078 alias.
