4000 6050
293 557 363 626 (111,
380 558 410 628 e,
428 503 547 634 ee-ta>
812 555 1011 616 pendenda.

845 738 969 804 Lacus.
995 789 1003 799 .
1040 754 1045 764 ·

408 841 520 908 Iamne
545 841 620 910 itis?

786 946 1032 1014 Gonwmscua

653 1052 749 1136 Quid,
773 1053 860 1136 quod
881 1055 991 1122 vobeie
1013 1054 1178 1139 mandavi,
1201 1056 1367 1142 hospites?
1504 1068 1561 1140 (65)

674 1205 678 1214 «
814 1160 1007 1226 Anvecann

408 1262 490 1328 Cum
511 1263 585 1329 illae
598 1269 638 1330 aa
661 1264 797 1345 meliust,
820 1283 888 1330 rem
909 1271 1009 1347 tuam,
1033 1266 1234 1348 Adulescens,
1256 1271 1353 1352 loqui.

409 1369 488 1434 Hele
511 1374 560 1434 est
582 1368 625 1434 ad
647 1373 726 1436 istas
749 1370 950 1452 reamabis,
975 1389 1056 1452 quaa
1079 1374 1251 1455 quaeritis·

786 1474 1034 1540 donamsena.

409 1577 527 1646 Videre
548 1578 697 1663 equidem
718 1601 777 1648 vos
799 1582 925 1664 vellem,
949 1602 1022 1648 eum
1043 1581 1119 1649 huie
1141 1603 1254 1650 aurum
1277 1585 1397 1652 darem.

811 1688 1004 1755 Anvoeffl.

410 1793 503 1858 Illine
525 1794 635 1876 proedl
658 1813 716 1859 noa
739 1794 822 1860 istue
844 1795 1104 1877 inspeetabimie.
1144 1852 1147 1861 .

673 1941 676 1948 .
785 1898 1034 1967 (lonenmseue.

410 2007 533 2071 Bonam
557 2005 691 2072 dedistis
715 2025 845 2089 operam
868 2005 956 2070 mihi.

849 2113 973 2176 Laena.

991 2205 1086 2282 lt'ad
1107 2237 1160 2282 me
1181 2218 1312 2283 luerim.
1504 2225 1561 2294 (70)

786 2322 1035 2389 Gonanfflscea.

408 2428 487 2493 lllue
510 2426 648 2508 quidem,
673 2446 822 2508 quorsum
846 2428 958 2494 asinus
981 2428 1088 2495 eaddit
1110 2429 1260 2496 ealeibda

842 2535 965 2598 Laena.
1255 2616 1258 2621 ἱ

411 2636 535 2702 Blande
558 2635 717 2702 hominem
741 2639 951 2722 eempellabo.
997 2639 1124 2720 Hispee
1146 2635 1305 2720 hospitem

412 2741 550 2808 Salutat:
576 2743 700 2809 salvem
721 2751 753 2810 te
776 2744 930 2810 advenire
953 2742 1089 2826 gaudet·

787 2851 1036 2916 Oonnnmsens.

412 2955 512 3021 Multa
534 2955 591 3021 tibi
613 2954 665 3021 dei
688 2955 880 3040 (leuthone,
904 2975 999 3040 quom
1023 2956 1075 3023 me
1097 2957 1222 3027 salvom
1245 2974 1316 3022 ease
1339 2957 1397 3020 vie

851 3068 975 3131 Lacus.

412 3170 591 3253 Hospitium
614 3177 645 3237 te
668 3170 756 3237 diunt
778 3172 970 3255 quaeritare·

787 3279 1036 3344 Oonnmnscne·

1000 3380 1163 3461 Quaerite

852 3491 990 3559 Leones
1128 3503 1131 3509 ·

413 3593 451 3658 Id
473 3592 520 3657 illi
543 3591 700 3677 dixerunt,
725 3595 798 3676 quei
821 3595 895 3662 hine
918 3618 938 3661 a
961 3616 1013 3661 me
1036 3594 1182 3661 abierunt
1203 3591 1298 3658 medi

416 3699 464 3765 Te
487 3698 665 3780 quaeritare
688 3720 709 3764 a
731 3702 858 3768 muscis.

790 3808 1036 3873 Oonnnntsens.

883 3913 1013 3979 Minime
1036 3910 1188 3995 gentidm.

535 4064 542 4074 .
688 4054 692 4061 ·
740 4012 744 4018 ’
858 4019 980 4083 Lacus.

418 4122 502 4201 Quid
526 4125 593 4189 ita‘?

794 4228 1043 4320 (loannmsena

640 4334 723 4413 Quia
745 4356 766 4399 a
787 4335 905 4402 miseis
928 4337 956 4403 ei
978 4337 1022 4401 mi
1044 4336 1216 4418 hospitium
1239 4330 1435 4415 quaererem,

417 4440 602 4507 Adveniens
624 4444 703 4506 irem
725 4440 759 4505 in
782 4442 942 4507 eareerdm
965 4448 1054 4507 reeta
1076 4442 1141 4506 vid.

342 4638 405 4695 669.
425 4638 522 4692 debeis
539 4639 576 4694 A.
612 4637 674 4693 670.
697 4635 807 4691 Deinde
824 4636 936 4691 meliust
955 4637 1003 4694 A.:
1022 4636 1106 4689 ceteri
1125 4634 1232 4691 melius.
1269 4632 1396 4700 Denique
1416 4645 1473 4684 rem
1491 4633 1568 4683 tuam

252 4730 402 4798 Guyetus:
421 4725 501 4781 eodd.
521 4731 597 4780 tuem
617 4740 683 4781 rem.
739 4726 800 4781 671.
820 4725 902 4783 eodd.
922 4725 994 4779 lllie:
1016 4740 1067 4778 ser.
1087 4724 1165 4779 Hele.
1220 4722 1281 4776 674.
1300 4736 1413 4790 operam
1432 4717 1497 4772 mihi
1516 4718 1568 4770 Bo·

252 4818 348 4871 thius:
368 4814 448 4871 eodd.
468 4814 534 4867 mihi
552 4828 674 4883 operam.
730 4815 791 4869 675.
811 4814 881 4869 lllue
900 4813 1059 4869 Acidaliae:
1079 4810 1159 4866 eodd.
1178 4810 1259 4870 Illud
1298 4809 1406 4864 Deinde
1424 4809 1455 4866 P.
1474 4806 1567 4874 Oelly-

254 4904 332 4960 bieei
365 4916 511 4970 personam
542 4903 641 4957 inserit
670 4906 734 4970 poet
764 4902 888 4971 quidem,
920 4906 952 4955 ut
981 4900 1178 4969 praecedentia
1206 4899 1243 4953 ad
1270 4900 1374 4968 Lycum
1402 4896 1568 4965 pertineant.

256 4996 323 5050 678.
345 5004 429 5059 quom
449 4988 484 5047 A.
503 4990 594 5046 selua:
613 4991 648 5047 V.
659 5006 723 5060 quo,
742 4991 817 5048 D.P.
832 5004 903 5044 eum.
940 4991 1002 5045 680,
1023 4989 1103 5044 eedd.
1122 4989 1179 5042 lta:
1199 5004 1251 5042 ser.
1272 4986 1311 5041 ld.
1330 4984 1439 5039 Deinde
1458 4982 1520 5050 quei
1531 4980 1568 5038 A.

257 5084 323 5138 681.
343 5080 379 5135 A.
399 5077 445 5131 Ah
464 5079 574 5133 minime
589 5080 727 5149 gentium.
782 5078 843 5135 682.
863 5078 944 5137 eodd'.
963 5094 1025 5133 eum
1044 5077 1079 5133 A.
1099 5092 1193 5131 omnes
1212 5091 1293 5132 amm.
1314 5091 1338 5129 a.
1407 5072 1469 5130 683.
1487 5069 1569 5128 eodd.

257 5172 375 5242 praeter
393 5166 428 5226 A.
448 5182 557 5221 omnes:
578 5167 730 5222 adueniens
748 5167 801 5223 hue
820 5167 896 5223 irem.
1146 5156 1149 5160 ’
1486 5161 1490 5167 ’
