4000 6050
1018 543 1158 604 smum
1277 587 1282 600 .
1448 545 1689 619 (11111111)

587 728 657 810 Ego
680 724 714 791 id
736 743 854 807 quaero
877 723 1058 808 hespitium‚
1081 724 1136 792 ubi
1158 745 1217 808 ego
1241 725 1489 809 1111111111111,
1680 732 1738 802 (80)

589 833 694 912 Quem
715 830 784 914 regi
807 830 964 896 Antidoho
987 830 1070 896 oeuli
1093 831 1197 896 0111111
1220 830 1334 899 solent

943 965 945 974 ¹
1025 937 1149 1004 Lucus.

588 1041 714 1126 Edepol
736 1061 777 1108 ne
797 1039 878 1108 illud
898 1040 956 1106 tibi
978 1061 1110 1124 possum
1133 1040 1282 1108 reetvom
1304 1041 1393 1125 dere,

587 1146 749 1230 Siquidem
771 1146 863 1230 potes
886 1147 954 1229 pati
978 1166 1051 1214 esse
1072 1154 1104 1214 te
1126 1150 1161 1213 in
1182 1146 1291 1230 lepido
1313 1147 1394 1230 loed,

589 1255 627 1319 In
648 1254 731 1320 leeto
753 1251 860 1334 lepide
883 1257 993 1336 strato,
1017 1258 1050 1319 et
1071 1252 1214 1336 lepidam
1237 1251 1403 1319 mulierem

590 1358 798 1440 Complexum
820 1357 1026 1426 oentreeture

970 1461 1216 1528 Gonunnrsous.

1043 1569 1087 1649 Is,
1110 1567 1193 1649 lene,
1217 1564 1314 1633 viem.

1028 1674 1152 1738 Lucus.

588 1775 651 1842 Ubi
672 1772 707 1841 tu
728 1776 900 1859 Leuoedio,
922 1778 1049 1860 Lesbid,
1075 1777 1206 1859 Thasio,
1230 1776 1320 1856 chio,
1383 1834 1385 1841 .

589 1881 755 1948 Vetustate
777 1884 851 1952 vino
875 1881 1024 1950 edentulo
1047 1882 1185 1950 oetatem
1207 1882 1342 1964 inriges:

588 1986 635 2050 Ibi
658 1990 690 2051 te
712 1987 843 2070 replebo
867 2007 927 2071 ego
950 2007 1052 2070 usque
1074 1986 1271 2071 unguentum
1293 1987 1461 2069 geumutls.

591 2089 676 2169 Quid
698 2093 798 2157 multa
820 2092 944 2159 verba?
967 2092 1096 2175 faeiem,
1118 2097 1163 2175 ut,
1188 2091 1241 2158 ubi
1264 2090 1449 2172 1111111111,

589 2196 636 2260 lbi
658 2196 823 2264 balneetor
846 2197 945 2266 faeiat
966 2197 1221 2280 unguentariem.

590 2298 656 2368 sed
677 2300 759 2368 huso
781 2303 1021 2383 letreoinantur,
1044 2322 1128 2384 qnae
1152 2302 1212 2384 ego
1236 2301 1312 2383 dixi,
1337 2299 1452 2367 omnie.

972 2407 1218 2474 Oonnnnrscus.
1358 2406 1360 2409 ’

593 2508 679 2587 Quid
702 2509 771 2576 ita?

1034 2619 1156 2684 Lucos.
1408 2672 1410 2677 .

795 2720 878 2799 Quia
901 2722 1014 2791 atrum
1035 2728 1174 2808 posount
1194 2720 1457 2806 praesentantem.

967 2829 1215 2896 Oonnnnrsous.

593 2929 676 3009 Quin
698 2929 806 3000 herde
828 2933 976 3014 aodpere
999 2940 1034 3002 tu
1055 2955 1120 3001 non
1142 2931 1259 3014 meris,
1282 2950 1379 3014 quom
1402 2950 1464 3013 ego
1487 2928 1575 2996 dere.

996 3042 1191 3110 Anvoesur.

595 3141 680 3222 Quid
703 3142 731 3209 si
756 3143 925 3212 evocemus
948 3145 1011 3211 hue
1033 3144 1120 3214 fores
1142 3144 1397 3227 Agorastoelem,

592 3248 636 3314 Ut
657 3248 747 3330 ipsus
770 3249 860 3315 testis
883 3250 924 3315 sit
946 3252 1009 3317 sibl
1030 3251 1260 3322 eertissumr'rs‘?

593 3352 681 3418 Heus
704 3358 748 3435 tu,
772 3356 825 3435 qui
846 3354 947 3423 frtrem
971 3362 1095 3438 ereptas,
1120 3356 1273 3439 egredere
1296 3355 1394 3436 011111,

592 3458 635 3525 Ut
656 3463 723 3524 tute
745 3459 906 3541 inspectes
929 3480 1042 3528 aurum
1064 3461 1171 3532 lenoni
1194 3461 1272 3526 (1111.

520 3806 581 3863 684.
599 3805 632 3860 Ι).
652 3804 782 3865 hostium.
843 3810 904 3867 685.
922 3810 953 3866 P.
972 3810 1006 3866 D.
1026 3824 1107 3868 omm.
1126 3809 1209 3867 oeuli.
1238 3808 1275 3881 Ρ.
1295 3809 1375 3867 solet.
1411 3807 1523 3863 Hiatum
1541 3822 1597 3863 non
1615 3805 1743 3861 sollieito.

441 3896 502 3952 686.
521 3894 590 3950 illud
608 3893 661 3951 tibi
680 3910 793 3964 possum
812 3897 998 3955 Hermunnus:
1027 3900 1058 3955 Ρ.
1086 3898 1139 3955 tibi
1156 3912 1270 3967 possum
1287 3897 1364 3968 illud,
1392 3896 1426 3955 D.
1455 3895 1506 3950 tibi
1528 3910 1642 3963 possum
1660 3894 1743 3961 illurn,

442 3982 478 4041 A
496 3981 548 4037 tibi
566 3982 643 4036 illum
661 3998 782 4052 possum.
821 3986 882 4043 681.
901 3984 937 4043 A.
957 4002 1020 4042 esse
1039 3992 1067 4041 te
1085 3988 1152 4055 pst-i.
1181 3985 1249 4040 Inde
1267 4000 1320 4042 ser.
1339 4001 1402 4040 enm
1421 3983 1526 4040 Weisio
1545 3984 1602 4052 peti
1621 3998 1683 4038 esse
1702 3987 1743 4036 te:

442 4070 522 4127 eodd.
541 4071 627 4126 eeteri
645 4086 707 4127 esse
725 4074 791 4142 peti,
810 4090 863 4129 om.
882 4079 919 4131 te.
964 4076 1026 4130 688.
1045 4075 1125 4133 eodd.
1144 4079 1256 4144 praeter
1273 4074 1308 4129 A.
1328 4089 1424 4131 omnes
1442 4087 1521 4131 omno.
1542 4076 1577 4130 et.
1627 4072 1689 4128 689.
1707 4069 1743 4124 D.

443 4164 623 4215 contractare.
661 4161 722 4217 690.
742 4161 823 4220 oodd.
840 4167 950 4231 praeter
961 4163 996 4218 A.
1016 4180 1112 4219 omnes
1131 4164 1208 4219 choo
1226 4179 1254 4232 p.
1273 4162 1350 4218 Chio.
1388 4161 1449 4218 692.
1468 4160 1503 4220 A.
1522 4160 1565 4215 lbi
1583 4173 1636 4229 ego
1655 4163 1683 4213 te
1701 4173 1742 4212 re-

443 4246 540 4317 plebo:
559 4264 611 4306 sor.
629 4248 673 4305 lbi
691 4256 719 4304 11
738 4249 850 4319 replebo
870 4266 932 4320 ego.
952 4252 1033 4308 eodd.
1053 4252 1137 4307 eeteri
1155 4252 1198 4307 Ibi
1215 4256 1245 4305 te
1262 4249 1385 4319 replebo.
1409 4248 1516 4303 Deinde
1536 4247 1614 4304 oodd.
1634 4252 1744 4316 praeter

443 4336 479 4392 A.
498 4351 594 4391 omnes
613 4338 776 4407 egenmotis.
850 4340 1011 4396 693-694.
1030 4339 1110 4396 eodd.
1130 4354 1192 4394 oum
1210 4338 1245 4395 A.
1263 4352 1371 4395 omnes:
1395 4337 1442 4392 nbi
1461 4342 1491 4393 tn
1510 4337 1618 4405 leueris,
1636 4334 1679 4390 Ibi
1699 4339 1743 4389 nt:

442 4440 492 4479 ser.
512 4430 549 4492 ut,
569 4425 617 4481 ubi
636 4430 667 4479 tu
686 4426 798 4495 laveris,
816 4426 867 4484 lbi.
940 4430 1001 4485 697.
1029 4428 1064 4485 Ι).
1093 4426 1149 4492 oui
1165 4443 1194 4496 p.
1207 4426 1288 4493 Quin.
1323 4425 1434 4481 Deinde
1462 4426 1499 4481 A
1518 4425 1585 4493 quin
1607 4440 1635 4491 p.
1654 4438 1744 4491 quam.

442 4512 569 4581 Denique
586 4512 621 4569 D.
641 4513 744 4571 dorem.
780 4513 889 4569 Dehine
916 4516 944 4569 in
973 4516 1053 4571 eodd.
1080 4520 1192 4585 praeter
1217 4518 1251 4571 A.
1271 4514 1399 4571 omnibus
1428 4514 1554 4582 sequitur
1570 4523 1668 4564 versus
1686 4508 1744 4565 hie:

444 4600 517 4667 Quin
536 4616 651 4669 sequere
671 4618 713 4657 me
732 4602 815 4660 intro..
849 4604 912 4659 Due
931 4619 975 4659 me
994 4619 1060 4675 ergo
1078 4606 1168 4661 intro:
1200 4605 1341 4661 addietum
1359 4608 1452 4668 tenes,
1471 4600 1518 4667 qui
1536 4599 1656 4656 oeenrrit
1673 4596 1747 4652 infre

443 4705 472 4747 v.
491 4690 525 4744 10
545 4704 645 4745 soenes
664 4690 846 4760 insequentis.
873 4692 986 4749 Delevit
1004 4693 1166 4750 iamdudum
1183 4691 1337 4748 Aoidelius.
1373 4690 1435 4746 698.
1453 4687 1484 4745 Ρ.
1503 4683 1660 4744 11111111.
1678 4687 1747 4741 Post

444 4778 518 4833 hune
536 4792 647 4833 versum
666 4777 777 4835 demum
806 4780 835 4837 in
853 4780 889 4839 A.
909 4788 1064 4850 sequuntur
1081 4782 1180 4840 verbe:
1218 4779 1290 4844 Quin
1309 4791 1424 4847 sequere
1442 4788 1487 4832 me
1504 4774 1586 4831 intro.
1622 4774 1685 4829 Duo
1703 4789 1747 4829 me

444 4881 509 4936 ergo
528 4865 609 4934 intro,
628 4880 699 4935 quoe
718 4882 829 4923 versum
848 4874 937 4925 totum
955 4870 1078 4938 implent,
1097 4873 1127 4923 et
1144 4868 1248 4937 statim,
1266 4882 1350 4923 vorsu
1368 4877 1442 4917 novo
1459 4860 1624 4930 insipiente:
1653 4861 1683 4917 Si
1703 4878 1749 4917 ex·

443 4954 506 5009 ierit
523 4953 596 5024 leno,
614 4954 680 5024 quid
700 4959 758 5009 tum
777 4955 914 5013 hominem
933 4958 1109 5027 interrogem,
1127 4972 1200 5026 quoe
1216 4955 1343 5014 desumto
1360 4954 1426 5007 sunt
1444 4965 1478 5005 ex
1497 4965 1524 5006 v.
1534 4951 1570 5005 20
1589 4965 1689 5006 seenne
1707 4952 1748 5005 in·

444 5042 594 5109 sequentis.
650 5044 710 5099 699.
730 5044 809 5113 ipsus
826 5044 861 5102 A.
881 5046 969 5103 solus:
999 5047 1088 5103 oetert
1104 5046 1174 5115 ipse.
1210 5046 1245 5100 D.
1264 5045 1294 5097 P.
1313 5039 1383 5097 oenti
1400 5054 1504 5097 sumus.
1566 5038 1627 5097 100.
1645 5039 1694 5108 qui
1711 5039 1746 5096 D.

446 5130 536 5188 solus:
555 5131 588 5187 V.
607 5132 677 5205 quis,
696 5134 727 5190 P.
747 5134 823 5205 quid.
861 5136 922 5193 ⁷01.
942 5134 1022 5193 eodo.
1042 5134 1121 5191 dore:
1140 5130 1281 5195 1111111.
