4000 6050
299 509 578 585 mmmm
815 521 1018 616 mmm

837 701 1003 768 hlrurnm.

418 799 470 865 Illi
492 799 545 867 hic
567 800 687 868 malam
710 823 777 869 rem
800 804 878 873 dare
901 808 979 874 volt.

854 913 988 981 Hanno.

927 1032 929 1036 ’
1000 1021 1110 1105 Frdgi,
1134 1025 1162 1090 si
1183 1025 1219 1092 id
1242 1027 1332 1094 laclt.

836 1122 1001 1191 limenio.
1075 1171 1080 1178 -
1189 1139 1194 1142 ·

416 1228 507 1293 Nunc
528 1226 590 1291 hoc
614 1226 782 1293 conslhum
804 1229 898 1311 capio
920 1237 953 1296 et
976 1229 1061 1296 hdnc
1084 1232 1240 1304 fabricam
1264 1238 1399 1323 adparh,

415 1330 1042 1414 Mfflmfflmm
1161 1371 1164 1376 v
1425 1354 1571 1424 ’ω

415 1422 650 1519 Sumeptasque
673 1437 746 1504 esse
768 1441 920 1522 parvolas
943 1441 1149 1527 Carthagine,

415 1543 574 1626 Manuquc
596 1542 722 1609 llherali
745 1545 862 1610 cadesa
885 1567 942 1612 eas
966 1546 1122 1629 adsera's„

416 1647 516 1724 Quasi
539 1647 625 1713 filiae
647 1653 722 1714 tuae
745 1650 808 1715 sint
830 1649 955 1717 amhae.
978 1651 1163 1736 intellegis?

846 1756 980 1830 Hunno.
1067 1763 1073 1770 '

413 1859 566 1940 Intellego
589 1854 705 1941 hercle,
729 1861 901 1926 tramitem
924 1860 1003 1928 mlhi
1025 1869 1144 1946 gnatae
1166 1863 1252 1932 duae

414 1962 493 2030 Cum
514 1963 638 2030 nutrice
659 1965 724 2030 dna
747 1970 821 2031 sunt
842 1967 1009 2050 surreptas
1032 1970 1197 2051 parvolae.
1489 1980 1565 2052 (145)

833 2071 996 2136 Mrnenm.

413 2173 536 2258 Lepide
558 2173 664 2240 hercle
687 2173 877 2242 adsimules.
898 2177 964 2242 iam
984 2177 1020 2242 id
1043 2179 1232 2263 principium
1255 2179 1332 2246 mihi
1354 2179 1471 2264 placet.

667 2264 676 2275 “
840 2282 987 2360 ΗΑΝΝο.
1085 2342 1088 2346 .

409 2385 466 2451 Pol
488 2385 603 2470 magis,
628 2405 724 2468 quam
747 2385 875 2454 vellem.
949 2406 950 2410 ’

827 2492 990 2557 Mrnerrro.

833 2646 837 2656 .
914 2599 1000 2665 Heu!
1024 2597 1132 2667 hercle
1154 2600 1321 2669 mdrtalem
1344 2603 1460 2684 catium,

320 2787 323 2790 Ι
410 2703 539 2786 Malum,
563 2703 738 2784 vomitum,
763 2701 915 2770 callidum
938 2705 1035 2787 dtque
1057 2704 1241 2773 subdolum!

409 2810 451 2874 Ut
473 2807 586 2879 adflat!
609 2811 680 2890 quis
701 2809 791 2874 illum
815 2815 941 2892 gestum
963 2810 1064 2885 faeiat
1084 2811 1232 2878 facilius?
1293 2869 1297 2873 .
1335 2869 1339 2873 ,
1564 2902 1567 2907 ‚

409 2913 460 2980 Me
484 2904 715 2997 quoque'dclls
738 2915 803 2980 iam
827 2923 958 2999 superat
981 2917 1239 2986 architectonem.
1487 2926 1562 2996 (150)

843 3021 978 3091 Harae.

261 3171 266 3179 -
368 3166 373 3170 -
409 3124 474 3192 Sed
497 3146 607 3193 earum
629 3126 735 3192 ndtrix
758 3146 823 3211 qua
845 3129 887 3194 sit
909 3128 1003 3212 facie,
1026 3129 1070 3194 mi
1092 3129 1219 3213 expedi.

826 3232 989 3298 Minerua.

407 3335 536 3402 Statura
557 3335 624 3403 hau
646 3337 776 3421 magna,
800 3357 932 3421 corpore
955 3338 1073 3421 dquilo.

840 3444 977 3511 Hanno.

1108 3552 1186 3634 Ipsa
1208 3568 1248 3615 ea
1270 3548 1330 3616 est.

825 3655 988 3720 Mrnrnro.

406 3758 521 3844 Specie
543 3760 688 3843 venusta,
713 3778 768 3827 ore
791 3766 886 3843 atque
910 3760 1021 3827 ocellis
1042 3759 1220 3844 pernigrls.

836 3868 970 3932 Hanno.

406 3974 554 4039 Formam
578 3970 708 4057 quidem
730 3970 836 4039 hercle
859 3974 967 4040 verbis
990 3972 1135 4057 depinxti
1158 3970 1269 4055 probe.

335 4214 416 4271 1086.
435 4212 516 4272 codd.
535 4212 580 4267 hle
598 4211 651 4267 illl:
680 4228 732 4267 sor.
751 4212 791 4266 illi
810 4212 863 4270 hic.
893 4212 928 4268 V.
948 4228 1000 4268 om.
1020 4228 1087 4268 rem.
1178 4213 1258 4269 1087.
1284 4210 1320 4269 V.
1339 4210 1446 4265 fabrica
1463 4222 1557 4276 sparo.

247 4303 336 4358 1088.
356 4301 390 4357 V.
408 4318 460 4360 om.
479 4306 551 4356 tuas.
606 4301 684 4358 1090.
702 4301 738 4357 D.
756 4316 866 4356 manum
885 4317 911 4371 p.
930 4317 1079 4371 manuque,
1096 4302 1129 4360 P.
1146 4316 1239 4356 manu.
1274 4298 1383 4354 Deinde
1402 4296 1483 4353 codd.
1501 4311 1558 4349 am-

242 4393 316 4447 bas:
336 4405 388 4445 scr.
407 4406 464 4447 eas.
502 4390 582 4445 1099.
600 4388 681 4447 0000.
700 4389 767 4443 mihl
785 4390 866 4445 itam:
887 4406 938 4447 scr.
956 4389 1022 4445 item
1040 4389 1115 4445 mihi.
1162 4389 1242 4446 1093.
1261 4391 1327 4443 sunt
1344 4389 1486 4453 surreptae
1503 4384 1557 4437 Bo·

245 4480 340 4533 thius:
360 4478 441 4535 codd.
461 4481 605 4546 surreptas
625 4480 699 4546 sunt,
722 4477 775 4531 nisi
793 4480 867 4546 quod
884 4480 919 4534 D.
939 4482 1153 4547 sarreptanam.
1210 4478 1289 4531 1094.
1309 4475 1390 4532 0000
1408 4475 1438 4529 in
1455 4472 1555 4542 priuci-

244 4569 299 4637 pio
329 4566 368 4636 id,
395 4564 541 4621 Acidalius
568 4564 730 4635 principium
758 4566 799 4621 id:
828 4582 880 4622 scr.
907 4567 935 4621 id
963 4566 1139 4635 priucipium.
1212 4567 1292 4623 1096.
1320 4563 1402 4619 0000.
1430 4578 1492 4617 eum
1520 4561 1556 4617 A.

245 4670 347 4711 omnes
366 4653 547 4723 crudumque:
576 4670 628 4711 ser.
648 4658 799 4711 vorsutum.
835 4655 945 4710 Deinde
972 4654 1007 4709 D.
1026 4655 1058 4709 P.
1077 4660 1121 4710 est
1137 4654 1251 4711 cllidum
1277 4653 1321 4728 (P.
1341 4646 1454 4721 olidum)
1482 4655 1556 4718 etp.

244 4742 379 4799 callidum
397 4747 491 4811 atque.
530 4743 609 4798 1097.
629 4741 664 4799 A.
684 4756 739 4811 quo
758 4742 835 4797 illum
854 4748 974 4813 gestum.
1003 4743 1073 4798 Inde
1089 4758 1142 4799 scr.
1161 4744 1223 4811 quIs
1240 4742 1319 4797 illum
1336 4746 1457 4812 gestum.
1476 4739 1557 4796 codd.
1665 4776 1670 4780 -

242 4830 334 4887 ceteri
355 4846 409 4899 quo
428 4829 497 4885 illud
514 4834 606 4899 gestu.
681 4832 760 4890 1098.
778 4833 809 4885 P.
829 4830 1046 4887 architectonem.
1119 4834 1199 4887 1099.
1217 4832 1252 4887 V.
1270 4831 1393 4896 charum.
1412 4831 1446 4884 D.
1465 4829 1556 4883 facile.

245 4920 329 4975 1100.
349 4916 403 4973 hau
422 4917 457 4974 A.
476 4920 565 4975 solus:
585 4920 670 4977 ceteri
689 4919 771 4989 haud,
791 4922 861 4978 Non.
881 4921 924 4990 52,
944 4922 980 4975 30
998 4924 1028 4974 01
1046 4919 1153 4975 Gellius
1172 4920 1249 4990 XIII,
1267 4922 1341 4989 29,6
1359 4933 1425 4976 non.
1447 4916 1557 4997 Deinde

242 5010 318 5065 Non.
339 5006 469 5075 aquilius,
490 5006 596 5065 Gellius
615 5008 744 5078 aquilost.
782 5008 910 5077 Denique
927 5009 962 5065 A.
983 5012 1054 5067 east.
1092 5008 1171 5066 1101.
1191 5008 1271 5066 0000.
1290 5006 1392 5064 oculis:
1411 5006 1556 5066 0010001-

248 5098 296 5153 lis.
336 5095 415 5154 1109.
434 5091 473 5153 D.
488 5096 520 5156 P.
538 5096 698 5169 depmxisti.
734 5096 842 5155 Deinde
861 5094 947 5165 prohe
965 5095 1000 5153 A.
1020 5095 1108 5154 solus:
1128 5098 1214 5153 ceteri
1232 5096 1307 5154 mihi.
