4000 6050
1017 490 1170 550 meum
1477 495 1539 588 uu,
1554 495 1581 565 u,
1599 495 1701 572 1-17)

726 743 848 810 Lucus.
893 719 1177 812 Aaouuuuocuae.
1221 743 1416 824 Anvocnm.

1030 886 1153 952 Lucus.

595 987 802 1073 Suspendant
824 991 934 1058 dmnes
956 1008 1041 1056 nune
1063 989 1129 1054 idm
1152 1010 1188 1056 se
1209 990 1408 1075 haruspices,

595 1093 699 1178 Quam
721 1117 781 1180 ego
804 1097 868 1164 illie
890 1097 1038 1180 pesenae,
1061 1093 1148 1177 quod
1169 1095 1350 1179 luqudntur,
1374 1096 1535 1181 (aeduam,

595 1198 657 1276 Qui
678 1202 711 1266 in
734 1222 769 1268 re
792 1201 903 1267 divina
925 1200 1046 1267 dudum
1070 1200 1220 1266 dicebant
1245 1201 1323 1268 mihi

593 1305 713 1372 Malum
737 1307 951 1389 damnumque
973 1307 1157 1372 maxumdm
1180 1307 1376 1387 portendidr!

594 1414 678 1478 Eece
700 1413 861 1496 expliedvi
883 1432 988 1478 meum
1011 1432 1079 1478 rem
1100 1410 1230 1494 pdstilla
1251 1412 1350 1478 luerd.

844 1533 848 1538 ·
944 1519 1237 1587 dnonnnnouuun.

596 1621 711 1690 Salvos
734 1623 779 1691 sis
802 1622 886 1690 leno.

1034 1729 1158 1793 Lucus.

918 1833 961 1898 m
983 1837 1016 1898 a
1037 1832 1154 1916 ament,
1178 1832 1415 1914 Agorastoules.
1540 1818 1545 1833 “

857 1943 859 1948 ’
951 1938 1234 2010 Aeonmnocnus.

593 2045 697 2130 Magis
721 2065 771 2112 me
794 2045 932 2126 benigne
955 2061 1038 2107 nune
1062 2042 1194 2125 salutas,
1218 2063 1316 2125 quam
1331 2044 1500 2111 antiquae.

1033 2148 1155 2213 Lucus.

568 2254 822 2338 *Tranqniiiiidu
846 2255 961 2336 evenit,
986 2253 1079 2335 quasi
1100 2254 1177 2319 navi
1199 2253 1233 2318 in
1256 2257 1351 2320 mari:

590 2360 791 2443 thuemque
814 2366 863 2428 est
884 2361 1010 2441 ventus,
1034 2357 1238 2425 exinaDum
1260 2360 1403 2426 vortiuir.

486 2535 487 2540 ,
951 2466 1234 2530 Aeouusuocuus.
1551 2543 1558 2554 .

590 2571 727 2639 Valeant
749 2570 837 2654 apid
859 2575 901 2653 te,
924 2588 1006 2653 quoe
1026 2569 1117 2651 vulo,¹
1134 2569 1225 2653 atqu
1245 2570 1335 2637 haud
1356 2577 1388 2637 ie
1410 2572 1493 2638 vold.
1686 2583 1742 2653 (10)

1031 2676 1155 2740 Lucus.
1401 2693 1405 2706 ·

593 2782 708 2849 Valent
730 2787 766 2848 ut
786 2780 982 2864 pdstulatum
1006 2786 1065 2863 eui,
1088 2782 1202 2848 vdrum
1223 2803 1287 2847 non
1308 2783 1375 2851 tibi.

479 2881 482 2888 '
949 2889 1233 2954 Auonmnocnna
1392 2944 1394 2949 .

591 2992 680 3059 Mitte
702 2991 824 3076 adme,
849 2991 953 3077 addes,
977 2992 1075 3060 hodie
1096 2993 1330 3078 Addlphasium
1352 2992 1440 3060 tuam

591 3099 653 3164 Die
675 3098 756 3166 iaetu
780 3099 897 3166 celebri
918 3099 1090 3182 nobilique,
1114 3099 1328 3182 Aphrodisiis.

1031 3206 1169 3270 Lunna.-

592 3310 741 3377 Calidum
762 3310 921 3395 prandisti
943 3310 1115 3395 prandium
1137 3308 1256 3376 hddie‘?
1279 3310 1332 3376 diu
1353 3308 1440 3383 mihi.

949 3416 1257 3481 damnandnm·
1355 3419 1358 3425 ’

592 3520 678 3599 Quid
700 3518 789 3586 iam?

1031 3628 1154 3693 Lucus.

825 3713 922 3808 ‘Quia
944 3730 981 3797 ds
1003 3750 1089 3797 nune
1110 3730 1306 3815 inigefdetas,
1330 3751 1402 3799 eum
1424 3731 1531 3817 rogds·
1687 3739 1744 3811 (15)

947 3837 1231 3902 Aeomnnoenuu.

591 3942 660 4007 Hoe
683 3961 745 4023 age
768 3940 812 4008 sis
834 3940 920 4007 ldno:
944 3961 1071 4009 servum
1093 3962 1166 4011 esee
1188 3944 1299 4010 addivi
1320 3944 1426 4011 medum

590 4045 688 4131 Apud
709 4051 751 4113 ie.

817 4240 821 4249 Ι
1029 4153 1153 4220 Lucus.

810 4255 912 4345 ⁴Apdd
935 4260 1009 4355 me?
1031 4278 1205 4342 numquam
1227 4257 1348 4340 fdetum
1370 4256 1520 4343 reperidu.

520 4639 581 4695 737.
601 4637 636 4693 A.
656 4652 725 4696 sene.
771 4636 831 4693 738.
850 4634 940 4703 Quam
957 4633 992 4700 A.
1013 4633 1103 4700 nulus:
1122 4632 1207 4698 ceteri
1223 4633 1303 4699 Quid.
1350 4630 1411 4693 740.
1430 4636 1464 4691 Α
1482 4630 1518 4689 D.
1537 4631 1693 4693 maximnm.
1710 4633 1744 4693 P.

439 4726 616 4793 portendieri.
692 4725 752 4783 741.
781 4724 860 4780 codd.
879 4724 920 4779 Is:
953 4738 1006 4789 ¹ser.
1023 4724 1106 4780 Eone.
1141 4722 1251 4793 Deinde
1278 4721 1315 4781 A.
1333 4720 1490 4791 explieauit.
1519 4721 1552 4777 V.
1576 4728 1641 4790 poet
1658 4723 1743 4781 iilam.

425 4804 501 4869 743.
519 4812 551 4870 P.
570 4809 695 4873 antehae.
734 4811 794 4869 745.
812 4812 847 4868 D.
867 4811 948 4880 exim,
967 4811 998 4868 P.
1012 4811 1074 4868 exit.
1111 4809 1172 4867 746.
1192 4810 1222 4865 Ρ.
1241 4826 1320 4879 quau.
1348 4808 1457 4863 Deinde
1475 4809 1553 4864 eodd.
1574 4814 1670 4879 atque:
1691 4828 1744 4867 ner.

441 4902 526 4970 atqui.
581 4898 641 4955 747.
661 4901 692 4958 Ρ.
710 4900 832 4957 valeant.
888 4900 949 4956 748.
969 4898 1053 4954 andes
1072 4898 1263 4954 Camerarius:
1279 4896 1315 4951 A.
1334 4895 1369 4953 D.
1388 4898 1413 4951 si
1432 4897 1528 4967 auden,
1544 4898 1575 4957 P.
1595 4899 1618 4952 ei
1638 4900 1743 4957 audies.

441 4988 501 5047 749.
521 4989 555 5045 V.
574 4986 732 5043 Afrudieiis.
788 4989 849 5047 851.
868 4989 903 5047 D.
921 4987 982 5045 hos.
1020 4986 1052 5043 P.-
1071 4984 1238 5057 frigeiaeian.
1285 4982 1346 5039 753.
1364 4984 1399 5043 D.
1417 4985 1504 5057 Apud
1522 5002 1672 5057 numquam
1690 5002 1743 5044 me.

440 5074 475 5132 V.
495 5091 619 5131 omme.
