4000 6050
358 611 360 616 ,
456 555 500 622 34
546 513 548 521 '
1041 540 1179 598 annual
1242 607 1248 612 .
1443 543 1502 616 (ΠΙ,
1522 546 1546 615 1,
1565 545 1662 614 ea-a,
1680 544 1712 612 a)

968 721 1252 787 Aeonannoenne.

453 829 524 915 Eia,
548 827 636 897 haud
658 827 801 895 vistrum
823 829 882 908 eet,
905 825 1078 894 iraeindes
1100 847 1182 909 enee,
1207 824 1294 910 qudd
1318 825 1384 893 dixi
1405 827 1486 895 inei.

1010 933 1203 999 Anvocffl.

454 1043 522 1110 Nee
543 1042 631 1108 tudm
654 1040 783 1124 quidem
806 1042 864 1121 eet,
889 1037 999 1104 amieis
1023 1040 1207 1122 perideum
1229 1037 1346 1106 iniuste
1367 1039 1467 1121 ioqui.
1704 1049 1762 1118 (70)

737 1185 745 1230 ‚·
965 1142 1249 1211 Aeonnenoenna

382 1263 437 1321 565
455 1253 568 1320 Mittite
591 1254 706 1318 istaec:
730 1249 807 1333 quid
830 1251 937 1332 velim,
961 1270 1021 1317 von
1044 1251 1140 1317 neitia

1011 1357 1203 1423 devocant.

1141 1498 1145 1505 -
1187 1458 1348 1525 Gillemne
1371 1458 1484 1541 probe:

455 1568 618 1638 Lenonem
640 1567 803 1651 periurum
826 1571 860 1635 ut
882 1565 1011 1650 perdas,
1034 1564 1070 1632 id
1093 1563 1213 1631 studea.

965 1670 1247 1738 Aaonnsnoonns.

1262 1774 1394 1842 Tenetis
1416 1776 1493 1843 rem.

326 1925 334 1934 ·
456 1886 539 1952 E'eee
562 1884 741 1969 oppdrtune
764 1881 968 1966 egredidntnr
990 1881 1123 1964 Milphio
1144 1882 1210 1947 dna
1233 1886 1265 1946 et
1286 1881 1414 1948 viliede:

454 1989 592 2057 Basilice
616 1989 789 2056 exornatus
812 1988 897 2055 addit
919 1993 958 2054 et
973 1987 1065 2053 fabre
1088 1986 1131 2052 ad
1153 1986 1326 2052 fallaciam.

581 2277 745 2342 Minnmo.
793 2273 1041 2340 Conananecna.
1092 2272 1375 2337 Aeeaneeoenns.
1421 2270 1614 2338 invocant.

1023 2413 1186 2481 M1nnfl10.

452 2523 521 2588 Iam
543 2520 633 2589 tenes
656 2528 828 2606 praecepta
849 2521 882 2587 in
905 2520 1024 2588 edrde‘?
1176 2520 1180 2534 “

981 2628 1228 2694 donimanus.

1047 2733 1171 2798 Pnlere·

1021 2835 1184 2903 naimo.

1233 2940 1314 3008 Vide
1337 2942 1382 3008 eia
1408 2943 1539 3010 calleas·

731 3116 734 3121 ,
982 3044 1227 3112 donimanus.

380 3165 434 3222 570
454 3152 538 3234 Quid
561 3157 656 3235 opust
676 3149 805 3218 verbis?
829 3150 946 3218 callum
968 3153 1149 3235 aprdgnnm
1169 3152 1289 3237 pallere
1311 3152 1414 3237 aeque
1437 3174 1500 3219 nen
1524 3152 1637 3219 einim.

1023 3259 1186 3324 Manain.

371 3386 379 3407 f
449 3366 518 3432 Fae
540 3362 635 3431 medo
659 3364 693 3429 tt
716 3362 872 3431 eandoeta
893 3363 951 3427 tibi
975 3364 1038 3457 nint
1060 3362 1147 3427 dieta
1170 3362 1213 3428 ad
1235 3363 1319 3429 hine
1341 3364 1515 3431 fallaeiam.

979 3469 1228 3535 Commiades.

450 3577 535 3656 Quin
557 3575 673 3660 edepel
696 3574 879 3643 eondoetidr
901 3593 982 3657 eum,
1007 3594 1104 3658 quam
1126 3574 1274 3660 tragoedi
1296 3581 1352 3643 aut
1374 3576 1499 3643 domiai.

1023 3683 1187 3748 Mnnnmo.

381 3774 386 3783 ’
450 3788 579 3854 Probae
596 3786 691 3854 homo
716 3786 761 3855 de·

963 3890 1245 3958 Aeonnnnoenns.

803 3993 965 4063 Adeamus
988 3997 1130 4082 prdpiun·
1154 4003 1267 4064 assunt
1287 3997 1397 4064 testea.

1021 4104 1184 4171 MILPHIOs

1409 4208 1472 4272 Tot
1494 4205 1622 4289 quidem
1715 4216 1755 4287 (5)

452 4312 524 4380 Non
546 4312 676 4395 potuisti
699 4311 859 4378 adducere
882 4312 1027 4380 hdminee
1050 4317 1154 4400 magia
1177 4315 1221 4382 ad
1243 4314 1327 4381 hine
1348 4332 1415 4379 rem
1438 4312 1581 4380 idoneis.

376 4426 430 4483 575
449 4418 532 4487 Nam
554 4416 695 4485 istoriae
716 4419 823 4486 nulius
846 4418 1016 4487 neitstuet:
1041 4422 1219 4489 eomititles
1242 4424 1316 4486 eunt
1337 4400 1427 4486 maii.

529 4693 590 4752 556.
609 4694 645 4752 V.
664 4695 779 4756 leonem.
808 4698 843 4754 D.
862 4698 983 4755 studeas.
1021 4698 1083 4757 568.
1102 4699 1178 4754 aedit
1195 4696 1327 4754 Bethiue:
1346 4696 1427 4753 codd.
1445 4694 1558 4753 incedit.

526 4783 589 4840 eto.
607 4782 642 4837 Ι).
662 4798 732 4853 epae
750 4785 783 4843 ei.
820 4785 928 4841 Deinde
945 4786 980 4844 D.
1000 4799 1150 4857 apngnum,
1174 4788 1204 4844 P.
1223 4784 1351 4855 anrinllu,
1377 4784 1448 4841 Non.
1466 4783 1528 4854 255,
1548 4783 1591 4839 11.
1610 4798 1753 4851 aprunum.

447 4869 482 4927 ef.
501 4868 579 4927 Pers.
598 4872 624 4943 a,
643 4872 669 4942 5,
687 4874 713 4932 4.
752 4873 813 4931 571.
832 4873 867 4931 D.
887 4873 1032 4932 eonducta.
1073 4860 1150 4932 ‘eta
1169 4874 1204 4932 n.
1224 4872 1393 4939 anenata,
1411 4871 1444 4927 Ρ.
1464 4870 1608 4927 ennoean.
1645 4870 1753 4926 nonnae

447 4959 482 5015 D.
501 4970 583 5029 quam
602 4962 634 5015 ut
651 4960 797 5031 tragoedia
815 4960 921 5031 eomiei,
939 4962 971 5021 P.
992 4977 1074 5031 qnam
1093 4964 1122 5017 in
1133 4962 1300 5031 trnghoedia
1311 4958 1424 5016 eomiei:
1443 4974 1494 5014 ner.
1513 4973 1577 5013 enm
1594 4958 1752 5021 (temerario

446 5062 530 5116 quam
550 5049 677 5119 tragoedi
697 5054 745 5105 aut
763 5050 869 5109 eemiei.
906 5048 968 5109 573.
986 5050 1024 5109 D.
1041 5056 1085 5105 eet
1101 5066 1129 5121 p.
1148 5064 1187 5107 en.
1227 5049 1336 5106 Deinde
1355 5049 1488 5105 adeamne
1505 5046 1654 5105 Gruterus:
1673 5047 1753 5105 codd

447 5134 554 5191 adeam.
592 5137 654 5196 575.
673 5138 753 5198 eodd.
772 5139 894 5197 interum.
911 5137 946 5193 D.
966 5136 1093 5196 nefastus
1111 5144 1146 5199 nt.
