4000 6050
1001 553 1143 613 penum
1435 559 1495 632 (111,
1514 561 1540 631 e,
1561 505 1706 631 1e-ae)⁸
1737 614 1742 625 ,

1013 737 1136 803 Luem.

569 837 736 906 Foitunati
757 838 868 908 dmnea
889 839 970 924 sitia,
995 841 1082 924 qudd
1104 846 1190 907 eerte
1212 842 1282 908 seit
1671 852 1727 923 (10)

570 943 638 1012 Nee
660 944 729 1012 fore
750 964 810 1012 nee
833 944 991 1012 fdrtunam
1012 945 1049 1012 id
1070 947 1203 1013 situram
1226 946 1304 1014 fieri.

975 1051 1169 1118 Anvocnm.

570 1153 636 1220 Stie
659 1161 709 1222 eat
729 1155 900 1223 thesaurus
923 1157 1028 1224 stultia
1051 1160 1085 1222 tn
1107 1157 1219 1241 lingua
1242 1157 1330 1240 situs,

572 1260 615 1328 Ut
638 1261 785 1342 quaestui
807 1261 947 1329 habeant
969 1263 1055 1328 mele
1077 1263 1165 1346 loqui
1186 1262 1380 1331 melioribus.

1011 1369 1134 1434 Lucus.

573 1469 666 1536 Viam
689 1470 743 1553 qui
764 1471 875 1556 ndseit,
899 1491 964 1556 qua
987 1472 1138 1539 deveniat
1159 1472 1204 1539 ed
1225 1473 1323 1555 mand,

450 1587 451 1594 ’
572 1575 654 1641 Eum
678 1581 802 1660 oportet
825 1565 950 1643 tmnem
973 1577 1126 1660 quaerere
1150 1579 1296 1645 eomitem
1319 1578 1389 1645 eibi.
1668 1590 1726 1661 (15)

575 1680 645 1763 Ege
668 1682 752 1748 male
774 1681 926 1764 loquendi
949 1683 1040 1778 vebia
1063 1683 1185 1749 ndeaivi
1206 1685 1308 1750 vidm:

572 1787 663 1852 Nune
684 1806 743 1854 vos
765 1787 842 1853 mihi
864 1788 975 1855 Amnes
999 1789 1091 1854 estis:
1114 1789 1173 1856 ude
1196 1795 1318 1854 eertum
1339 1793 1389 1855 est
1411 1789 1512 1871 aequi.

573 1890 607 1956 Si
630 1891 834 1974 benedicetis,
858 1897 967 1958 vostra
989 1894 1144 1978 vtaffipn
1166 1895 1298 1977 eequtr:

572 1995 607 2062 si
629 1997 837 2080 maledicetis,
860 2002 968 2064 uestro
992 1997 1123 2081 giddiar
1144 2000 1253 2066 limite.

541 2145 545 2154 ·
973 2101 1167 2171 Annaeum.

571 2205 656 2271 Maio
679 2205 868 2274 benefteere
890 2207 1078 2275 tantundem
1100 2209 1150 2276 det
1171 2208 1356 2293 perieulum,

572 2311 734 2390 Quantum
757 2313 841 2378 bend
864 2312 1066 2380 malefacere.

908 2497 909 2502 ,
1009 2421 1132 2485 Lucus.

1152 2521 1215 2600 Qui
1236 2524 1336 2590 vero‘?

971 2627 1164 2694 Anvoenm.

1353 2733 1454 2803 Seite.

567 2837 652 2903 Malo
677 2838 704 2905 si
728 2838 806 2922 quid
826 2839 1021 2923 benefaeiae,
1045 2837 1232 2905 beneficium
1254 2839 1377 2905 interit:

568 2943 658 3010 Bono
682 2946 710 3012 si
732 2943 811 3030 quid
833 2945 1032 3028 malefacias,
1056 2943 1196 3011 aetatem
1219 2947 1349 3030 expetit.

1007 3054 1129 3118 Lucua.

568 3134 687 3225 naue
710 3157 840 3225 uuum.
889 3157 954 3225 seu
977 3157 1020 3223 an
1043 3177 1095 3224 me
1118 3156 1195 3239 qna
1216 3156 1299 3223 istuc
1322 3155 1459 3224 aenae

971 3264 1166 3331 Anvocum.

490 3437 492 3455 ,
568 3366 651 3445 Quia
674 3390 733 3435 nos
755 3368 883 3437 hondris
907 3369 953 3435 tui
975 3389 1092 3437 caussa
1115 3367 1158 3432 td
1180 3371 1212 3433 te
1234 3365 1389 3449 venimus,

573 3474 776 3557 Quamquam
798 3477 879 3541 bene
902 3473 1050 3541 vdlumue
1072 3471 1186 3537 leniter
1208 3470 1383 3538 lenonibus.

916 3644 919 3653 ,
1010 3580 1132 3644 Lucus.

568 3684 603 3751 Si
625 3683 702 3767 quid
725 3684 800 3752 beni
823 3683 1012 3768 ddportatis‚
1035 3683 1139 3751 habeo
1162 3681 1310 3764 gratiam.

969 3790 1163 3856 Anvocnm·

566 3897 647 3961 Boni
670 3896 710 3961 de
733 3896 840 3961 ndstre
863 3895 920 3960 tibi
943 3915 1003 3961 nee
1025 3892 1164 3975 ferimus,
1188 3913 1248 3959 nee
1272 3891 1396 3975 damin,

567 4002 679 4083 Neque
701 4000 896 4085 pollicemur,
921 4020 1025 4082 neque
1048 4000 1129 4067 aded
1152 4000 1300 4067 velumus
1323 3999 1442 4065 datum.

499 4338 561 4396 614.
580 4339 614 4396 D.
635 4342 717 4396 certe.
755 4337 816 4396 615.
835 4337 868 4392 D.
888 4342 917 4392 et
936 4337 1073 4392 fortunam
1093 4352 1120 4406 p.
1139 4350 1192 4391 nee
1210 4335 1359 4392 fortunam.
1395 4338 1505 4393 Deinde
1524 4339 1553 4394 id
1572 4338 1725 4408 ditaturum,

423 4427 455 4482 P.
475 4428 503 4482 id
523 4429 546 4481 si
566 4434 696 4482 saturam.
745 4424 1076 4483 616.endd.1etie:ser.
1096 4423 1162 4479 Stie.
1181 4425 1216 4480 D.
1233 4423 1409 4484 thensaurus.
1453 4428 1515 4485 618.
1534 4427 1565 4484 P.
1585 4428 1726 4483 adveniat.

424 4518 485 4574 621.
505 4518 535 4571 P.
553 4516 686 4585 eonseqni
705 4532 733 4585 p.
752 4520 795 4570 eet
811 4514 898 4584 sequi.
949 4514 1011 4569 622.
1029 4528 1081 4569 ven
1099 4512 1161 4582 ripe
1178 4513 1309 4571 Bethiue:
1328 4516 1408 4577 eedd.
1426 4516 1488 4585 ripn
1506 4530 1565 4575 uos.
1612 4511 1674 4574 624.
1694 4516 1725 4575 P.

423 4608 531 4659 tantum
550 4620 577 4674 p.
596 4604 768 4659 tantundem.
806 4604 868 4661 625.
887 4603 935 4673 qui
953 4618 1020 4658 vero
1039 4603 1071 4661 P.
1088 4603 1179 4658 seina:
1197 4603 1231 4659 V.
1250 4603 1317 4672 quid
1336 4619 1412 4675 uero,
1431 4605 1465 4663 D.
1484 4603 1560 4673 quid,
1579 4618 1632 4659 nm.
1651 4620 1727 4663 vere.

425 4691 488 4749 626.
507 4692 587 4750 eedd.
605 4694 690 4747 aeteri
708 4692 737 4747 id
755 4690 921 4748 beneficium
940 4692 1043 4762 interit,
1060 4690 1096 4746 A.
1114 4696 1234 4746 aetatem
1253 4694 1367 4761 expetit.
1403 4693 1516 4749 Deievit
1532 4691 1562 4747 id
1580 4692 1671 4750 Bentl.
1691 4694 1728 4749 ad

423 4779 495 4835 Eun.
516 4782 541 4850 1,
561 4783 585 4850 2,
605 4781 647 4837 69.
731 4781 793 4837 627.
824 4779 859 4835 A.
878 4778 1126 4848 quidemniefeeias
1145 4783 1248 4834 etatem
1267 4782 1383 4849 expetit.
1418 4781 1454 4836 D.
1472 4780 1598 4850 geminat
1615 4785 1726 4837 etatem.

425 4868 486 4923 628.
514 4868 547 4925 V.
568 4868 660 4928 indite.
691 4870 725 4927 D.
745 4884 799 4927 om.
819 4869 932 4926 dietum.
968 4866 1077 4921 Deinde
1094 4868 1176 4923 eodd.
1196 4883 1291 4923 omnes
1310 4868 1377 4937 qnid
1395 4869 1467 4923 ietue
1486 4869 1522 4923 nd
1540 4884 1598 4924 me:
1617 4882 1670 4923 aer.
1690 4868 1727 4923 ed

424 4970 467 5011 me
486 4956 554 5026 quid
572 4956 653 5016 istun.
702 4959 763 5016 629.
783 4960 818 5013 A.
837 4970 922 5013 eausa
941 4955 976 5010 nd
996 4960 1038 5011 te:
1058 4956 1144 5011 eeteri
1163 4972 1265 5013 muana
1282 4954 1336 5011 hue
1354 4954 1390 5011 ad
1407 4960 1445 5012 te.
1493 4956 1555 5011 631.
1573 4956 1610 5013 A.
1629 4956 1726 5025 adper-

424 5042 518 5102 tnbtia
555 5046 617 5106 632.
636 5046 669 5105 V.
689 5063 706 5103 a
725 5064 760 5103 m.
777 5064 819 5117 pr.
837 5044 920 5103 bono.
944 5044 1026 5103 eedd.
1044 5049 1155 5115 praeter
1173 5045 1208 5106 A
1228 5060 1325 5103 omnes
1343 5043 1450 5101 addunt
1468 5042 1520 5099 tibi
1536 5048 1602 5111 post
1619 5042 1726 5102 danne.

425 5131 487 5193 633.
506 5132 542 5191 A.
560 5134 680 5205 Neeque.
