4000 6050
303 515 369 585 (111,
387 513 416 586 5,
437 509 556 582 ie-ee)
824 490 1022 571 nonninus,

773 689 1059 757 Aeemenoenne.

415 797 559 880 Mentire,
582 815 660 862 nam
683 795 726 862 td
748 801 781 862 te
803 797 893 863 venit
913 797 1090 879 atrumque
1112 799 1226 866 attulit

415 905 466 970 Ita
488 902 565 968 mihi
587 903 822 985 tenendarum,
846 903 961 985 quibus
983 902 1080 968 erede
1102 907 1193 971 setis.
1234 975 1237 980 ,

857 1011 980 1074 Leone.

414 1115 520 1182 Melus
543 1133 593 1180 es:
617 1112 780 1196 eaptttum
803 1133 855 1179 me
878 1112 1014 1179 advenis
1027 1128 1109 1178 ‘enm
1131 1113 1275 1181 teetibtie.

416 1221 556 1287 Tuerum
578 1218 666 1301 epid
688 1233 739 1284 me
761 1237 855 1286 neme
879 1223 928 1285 est
949 1217 1010 1284 nee
1032 1219 1205 1301 quiequam
1224 1223 1282 1286 tui.

775 1325 1061 1390 Aeonnenoenne.

422 1432 615 1498 Mementote
636 1430 725 1514 illue,
747 1429 908 1497 advocet.

804 1526 1022 1602 ”Anvonnnn

1005 1639 1216 1706 Meminimts·

824 1797 826 1804 .
852 1749 976 1812 Leone.

419 1852 470 1916 Ha
492 1850 536 1916 he
557 1851 614 1917 hei
638 1851 703 1918 iam
723 1851 818 1918 tenen
841 1851 917 1934 qnid
940 1849 997 1918 sit:
1019 1849 1171 1934 perspexi
1192 1851 1298 1918 mede.

418 1957 547 2039 Hi,'qui
569 1957 659 2022 illum
683 1957 802 2023 ditium
825 1957 1077 2023 eoneiIitvernnt
1097 1957 1175 2022 mihi

417 2063 621 2144 Peregrinum
643 2061 848 2146 Sptrtenum,
872 2063 907 2128 id
929 2082 1015 2128 nune
1035 2061 1087 2128 hie
1108 2064 1275 2128 cerebrum
1296 2061 1407 2143 uniter,

419 2167 471 2233 Me
493 2188 564 2235 esee
587 2168 647 2235 hoe
670 2167 827 2236 trecentos
850 2168 1018 2251 Philippos
1040 2167 1198 2235 ftetnrum
1220 2167 1311 2233 lueri.

418 2273 509 2339 Nune
531 2273 616 2339 hune
637 2274 798 2340 inimieum
822 2275 898 2356 quie
921 2293 993 2340 esse
1017 2275 1178 2340 sciverunt
1198 2271 1287 2355 mihi,

418 2380 499 2444 Eum
521 2376 723 2463 adlegerent,
748 2399 839 2447 suom
862 2380 916 2461 qni
938 2376 1065 2444 servom
1087 2377 1209 2445 dieeret

419 2483 498 2550 Cum
521 2505 598 2551 aure
621 2504 693 2551 esse
716 2483 893 2567 apedno:
918 2484 1096 2568 eempeeita
1117 2483 1167 2549 est
1189 2483 1331 2566 fallacie,

420 2589 462 2654 Ut
484 2610 522 2656 ee
545 2611 598 2658 me
619 2593 748 2673 privent
771 2596 867 2672 atque
889 2589 972 2656 inter
994 2609 1032 2656 ee
1053 2587 1210 2659 divident.

419 2696 511 2778 Lupe
534 2717 654 2780 agnum
677 2698 800 2779 eripere
822 2695 998 2778 postulent:
1021 2713 1126 2776 nngne
1148 2695 1258 2779 agitet

777 2801 1062 2870 Aeennsnoenne.

420 2903 570 2989 Negasne
593 2901 735 2993 aptdt'e
755 2919 828 2978 esse
851 2927 963 2977 eurum
985 2906 1047 2973 nee
1069 2925 1196 2972 servem
1217 2905 1345 2972 metm?

861 3015 983 3084 [inens.

420 3115 510 3201 Nego
533 3126 565 3186 et
587 3121 748 3205 negendo,
773 3122 801 3189 ei
823 3121 902 3204 quid
924 3120 1032 3202 refert,
1054 3119 1203 3203 ergenitn.

821 3227 1014 3293 Anvocnnt.

420 3326 545 3397 Periisti
565 3331 649 3399 leno.
672 3346 748 3399 nam
770 3331 831 3399 inte
853 3338 903 3399 eet
924 3331 1019 3398 htius
1040 3330 1165 3412 vinens,

422 3434 523 3513 Quem
546 3437 603 3502 tibi
625 3458 684 3505 nes
708 3438 780 3507 esee
802 3438 995 3521 Spanittem
1019 3436 1167 3517 (linimen,

421 3539 484 3618 Qui
506 3542 550 3607 ad
573 3548 605 3609 te
627 3544 786 3611 trecentos
809 3544 994 3627 Philippeia
1017 3542 1113 3609 mode
1137 3542 1258 3607 detulit.

422 3646 522 3729 quue
538 3638 628 3717 'eden
649 3652 683 3717 in
704 3651 786 3719 ietoe
809 3670 921 3717 aurum
942 3649 1029 3717 inest
1050 3648 1223 3730 marsupii.

862 3758 984 3823 Lmen

420 3855 487 3924 Vae
510 3865 639 3927 vostrae
661 3861 772 3928 aetiti!

826 3968 1020 4035 invocent

750 4132 751 4137 ,
806 4075 846 4141 Id
868 4076 997 4157 quidem
1020 4075 1054 4139 in
1075 4069 1194 4138 munde
1217 4075 1266 4136 eet
1287 4068 1372 4136 tuae·
1493 4050 1518 4069 .

348 4412 410 4481 754,
427 4408 462 4468 D.
482 4424 670 4481 mentumque.
725 4412 786 4472 755.
814 4410 895 4471 codd.
915 4428 1013 4470 omnes
1031 4409 1223 4466 renunciatum
1241 4415 1292 4479 eet,
1311 4407 1366 4464 nisi
1384 4409 1459 4478 qued
1477 4408 1513 4467 Δ.
1532 4426 1574 4466 re·
1629 4434 1633 4441 ·

257 4501 471 4558 nuneiatnmnt:
500 4514 550 4555 uer.
580 4500 784 4555 renuneierunt.
858 4502 920 4556 756.
948 4502 983 4559 D.
1012 4499 1135 4557 aduenit.
1210 4498 1272 4552 757.
1300 4497 1335 4553 D.
1354 4496 1385 4555 P.
1412 4513 1493 4556 emm.
1522 4504 1574 4557 eet.

258 4588 330 4645 759.
350 4588 385 4645 D.
405 4589 554 4657 perspexit.
611 4589 672 4643 761.
692 4587 736 4642 hie
755 4588 896 4643 cerebrum
914 4589 1003 4643 uritur
1021 4587 1208 4644 Camerarius:
1239 4586 1275 4644 D.
1293 4585 1370 4642 hisee
1388 4587 1485 4643 erebro
1504 4587 1576 4641 enri-

258 4685 322 4745 tur,
339 4676 372 4731 P.
392 4674 469 4734 hisee
487 4677 570 4732 eredo
588 4677 721 4745 anditum,
739 4676 774 4734 V.
793 4676 862 4732 haee
880 4678 972 4732 omnin
988 4692 1043 4733 em.
1081 4676 1142 4735 764.
1162 4675 1329 4744 adlegerent
1346 4674 1474 4731 Bethiuet
1495 4674 1575 4731 eone.

257 4764 477 4833 adlegaverunt.
515 4766 576 4823 768.
596 4766 626 4823 P.
646 4764 787 4833 Negasne.
825 4767 885 4823 769.
905 4765 939 4823 V.
958 4780 976 4821 e
992 4781 1028 4819 m.
1048 4780 1089 4835 pr.
1109 4763 1180 4834 ania,
1199 4763 1302 4818 deinde
1319 4764 1404 4818 neuin
1435 4764 1503 4818 Inde
1521 4778 1575 4822 ser.

256 4866 390 4922 arguam.
428 4853 463 4907 D.
482 4852 513 4909 P.
533 4854 606 4909 nnio.
680 4854 740 4911 770.
759 4854 790 4907 P.
810 4868 863 4911 om.
883 4859 935 4913 eet.
1009 4856 1071 4910 771.
1099 4852 1134 4911 D.
1152 4858 1318 4921 eparuatem,
1336 4851 1367 4909 P.
1387 4850 1575 4920 eperthenum.

257 4940 328 4995 772.
347 4940 381 4995 V.
401 4943 467 5011 ette,
485 4940 520 4995 D.
539 4958 557 4997 a
576 4947 613 5000 te.
645 4940 753 5023 Deinde
772 4942 852 5001 codd.
872 4940 1032 5011 Philippos:
1051 4958 1102 4998 ser.
1121 4935 1287 5009 Philippeos.
1326 4940 1389 4995 773.
1409 4941 1442 4996 t).
1454 4941 1484 4993 in
1501 4939 1576 4994 ietee

255 5026 319 5084 edo
338 5043 367 5096 p.
386 5026 456 5083 adeo
475 5028 505 5083 in
524 5030 603 5101 letne,
622 5031 653 5088 P.
672 5044 726 5087 em.
745 5028 825 5086 adeo.
886 5029 961 5087 1774.
980 5030 1012 5087 P.
1031 5035 1157 5099 nestree3
1177 5026 1212 5086 V.
1231 5028 1266 5084 D.
1285 5042 1365 5083 enm.
1382 5026 1421 5082 in.
1449 5028 1481 5083 P.
1500 5042 1576 5085 nune

254 5134 287 5187 p.
308 5116 339 5169 in
359 5116 470 5173 mundo.
