4000 6050
457 539 499 604 16
1043 524 1182 584 rusum
1330 497 1333 506 '
1500 526 1533 596 (ι,
1551 481 1713 599 emer)

974 702 1244 770 Anueunsmnrs.

454 810 535 892 Heu,
559 809 697 882 eeestdr!
723 828 818 892 quem
841 813 986 875 ornatum
1009 807 1154 892 adspicio
1178 814 1320 876 nostrum
1343 808 1518 893 ambirem,
1542 811 1692 894 poenitet,

454 915 637 983 Exornitee
660 921 695 982 ut
717 915 826 982 simus.
1121 988 1123 995 ¹
1269 971 1273 976 .

980 1021 1243 1087 Anenrnnsmn.

857 1127 957 1192 Immo
980 1134 1057 1194 vere'
1080 1126 1160 1192 sime
1185 1126 1361 1193 commode.

383 1234 438 1289 280
455 1217 537 1302 Nem
560 1254 618 1318 pm
641 1232 710 1300 erili
731 1236 763 1298 et
785 1235 893 1297 nostro
916 1231 1052 1313 quaestu
1073 1232 1153 1299 satis
1175 1231 1256 1298 bene
1276 1233 1409 1300 dmatee
1430 1233 1554 1316 sumis3

454 1343 524 1409 Non
548 1340 632 1407 enim
656 1337 730 1421 pite
753 1342 905 1419 quaestus
929 1339 1114 1420 consistere,
1137 1337 1166 1403 si
1188 1358 1261 1404 eum
1284 1340 1429 1422 sumptis
1452 1345 1592 1423 superat,
1616 1339 1714 1406 serdr.
1837 1424 1838 1427 Ἴ

454 1447 501 1510 Eo
524 1444 604 1511 iliud
626 1443 726 1510 setius
741 1448 800 1524 est,
824 1440 910 1523 quod
926 1442 1006 1508 sitis
1021 1447 1081 1524 est,
1103 1441 1224 1525 habitu,
1247 1443 1343 1524 quim
1360 1444 1445 1527 quod
1468 1445 1540 1527 plus
1556 1451 1608 1512 set
1622 1444 1681 1512 esi.
1708 1455 1774 1524 (75)

970 1547 1253 1613 Aeounsuocnss.

454 1658 505 1722 Ita
528 1675 579 1721 me
603 1653 635 1719 di
658 1658 774 1735 ament,
798 1652 911 1718 utilia
934 1653 984 1720 me
1009 1660 1094 1720 amet
1115 1654 1235 1734 malim,
1260 1652 1356 1735 quim
1379 1651 1423 1736 di,
1446 1655 1589 1739 Milphiti,

451 1763 537 1845 ¹Nem
559 1761 616 1826 illa
638 1759 750 1826 muilier
773 1757 914 1840 lapidem
937 1759 1060 1826 silicem
1083 1760 1240 1842 subigere,
1264 1760 1299 1823 rit
1320 1777 1356 1824 se
1378 1766 1473 1843 amet,
1498 1761 1613 1845 potest.

500 1895 502 1900 ·
1032 1865 1195 1930 Mmrmo.

384 1981 439 2038 285
456 1969 687 2066 Polkequidem
709 1967 797 2036 huid
819 1970 960 2053 mentire,
985 1970 1062 2036 nim
1083 1976 1118 2036 tu
1141 1991 1177 2037 es
1199 1962 1308 2052 lepide
1331 1969 1419 2035 siliee
1442 1972 1576 2053 multitu,

454 2077 515 2156 Qui
538 2076 621 2143 hune
645 2073 742 2141 ames.
1544 2080 1547 2085 ⁴

967 2178 1250 2247 Aeonnsnocnss.

754 2285 797 2350 At
819 2283 971 2368 videsis,
996 2305 1069 2351 eum
1090 2286 1167 2351 illae
1190 2283 1495 2368 numquamiimevi
1518 2285 1623 2369 eupit.

1030 2391 1194 2456 Mmrmro.
1569 2442 1573 2448 .

457 2498 590 2563 Curram
612 2496 708 2579 igituir
731 2496 838 2578 ulique
862 2495 905 2560 ed
928 2496 1086 2579 piscinam
1109 2494 1230 2562 autad
1253 2494 1372 2562 ieelim:
1396 2496 1504 2562 limum
1529 2496 1646 2578 pettm.
1707 2507 1770 2574 (80)

970 2602 1254 2696 Aeouusrocnns.

455 2705 541 2785 Quid
563 2727 600 2773 e0
624 2705 741 2790 opust?

1029 2815 1193 2881 Mmefflo.

808 2920 878 3002 Ego
902 2920 1023 2987 dinam:
1046 2926 1081 2986 ut
1102 2920 1187 2987 iiiiee
1209 2923 1242 2986 et
1262 2917 1319 2983 tibi
1341 2918 1448 2985 limem
1472 2920 1575 3003 eaput.

689 3035 694 3041 '
969 3029 1252 3093 Aeounsnoenns

455 3130 472 3194 1
494 3130 527 3195 in
550 3129 668 3195 malim
693 3132 772 3196 rem!

945 3282 949 3288 -
1029 3239 1192 3305 Mmrmo.
1271 3309 1276 3315 ,

808 3342 854 3409 Ibi
877 3363 948 3410 sum
971 3342 1128 3426 equidem.

970 3450 1253 3517 Aeonnsroeuss.

1117 3553 1255 3637 Pergis?

1031 3663 1193 3729 Mmemo.

1284 3766 1401 3830 Taeeo.

971 3868 1255 3937 Auosssuoerms.

1249 3975 1253 3983 '
1411 3970 1454 4037 At
1476 3969 1630 4055 perpetuo
1653 3972 1736 4038 void.

528 4400 589 4455 278.
608 4397 644 4454 A.
664 4396 698 4454 V.
717 4395 768 4452 Eu.
806 4396 867 4453 280.
886 4394 920 4452 V.
939 4396 973 4454 D.
993 4396 1031 4453 eri
1050 4396 1125 4466 lieet,
1143 4411 1216 4466 quae
1234 4397 1265 4453 P.
1283 4411 1398 4466 prorsus
1415 4411 1470 4453 em.
1505 4397 1568 4452 281.
1586 4400 1652 4466 pote
1669 4396 1763 4452 (iheri-

457 4487 515 4541 sius
533 4502 561 4555 p.
580 4488 632 4541 223
652 4485 695 4540 ed.
715 4484 789 4539 Keil:
819 4483 899 4541 eodd.
918 4487 1020 4551 potest.
1055 4483 1164 4539 Deinde
1182 4486 1216 4540 D.
1235 4490 1350 4555 questus
1368 4500 1424 4542 non
1443 4484 1612 4554 consistere,
1630 4484 1662 4539 P.
1681 4500 1762 4554 quee-

456 4580 516 4629 stus
535 4574 588 4629 iam
607 4574 767 4630 consistere.
787 4571 926 4629 Charisius
946 4578 1079 4641 quaestus
1097 4571 1157 4629 fieri
1176 4574 1228 4630 nisi
1247 4578 1375 4645 sumptus
1393 4572 1517 4643 sequitur
1535 4571 1601 4629 seio.
1637 4572 1701 4629 282.
1719 4588 1761 4628 se-

455 4664 512 4717 tius
531 4665 574 4717 est
592 4660 924 4718 munerandumque
944 4662 967 4716 si
986 4662 1063 4727 satis.
1090 4662 1199 4718 Deinde
1216 4663 1248 4719 P.
1268 4662 1336 4733 quid
1354 4661 1424 4717 setis
1443 4664 1494 4715 est.
1505 4685 1509 4691 ·
1522 4658 1650 4731 Denique
1668 4660 1763 4717 habitu

373 4778 380 4784 ·
457 4766 540 4821 quam
558 4749 633 4819 quod
651 4749 714 4818 plns
733 4752 778 4803 sut
796 4752 839 4801 est
856 4748 890 4805 V.
910 4749 998 4805 solus:
1018 4750 1052 4805 D.
1071 4750 1102 4806 P.
1120 4749 1231 4805 habitus
1248 4749 1312 4819 pius
1330 4764 1413 4818 quem
1431 4752 1476 4803 set
1494 4752 1544 4802 est.
1593 4749 1657 4805 283.
1676 4749 1712 4805 A.
1729 4749 1763 4805 V.
1837 4751 1838 4754 ’

457 4843 539 4895 amet.
595 4837 657 4897 285.
677 4835 804 4905 equidem
824 4836 858 4889 A.
879 4836 969 4892 solus:
1000 4838 1085 4892 ceteri
1103 4838 1184 4894 eodd.
1203 4840 1225 4893 it
1243 4837 1364 4907 quidem,
1382 4836 1437 4891 nisi
1456 4835 1531 4907 quod
1548 4836 1580 4892 P.
1598 4836 1627 4891 id
1646 4835 1763 4905 quidem.

458 4926 519 4981 386.
538 4924 677 4995 Eugmph.
697 4922 733 4979 ud
752 4921 877 4977 Eunueh.
897 4924 946 4995 ΙΙΙ,
959 4925 985 4995 5,
996 4926 1031 4979 53
1052 4941 1200 4995 numquam
1218 4942 1280 4982 eum
1298 4942 1340 4984 eu.
1378 4925 1439 4979 287.
1459 4922 1496 4979 nd
1514 4924 1605 4979 laeum
1624 4925 1657 4980 V.
1677 4924 1764 4979 solus:

457 5014 542 5091 eeteri
561 5028 642 5069 onum.
661 5012 705 5070 ed.
760 5011 822 5067 288.
841 5011 873 5067 P.
892 5012 964 5079 Quid
983 5028 1045 5083 ego.
1081 5014 1117 5074 D.
1135 5015 1166 5069 P.
1185 5030 1256 5085 opus
1276 5015 1321 5070 sit.
1356 5007 1466 5069 Deinde
1485 5010 1565 5069 eodd
1584 5026 1610 5069 0.
1629 5012 1681 5067 ilii:
1713 5028 1763 5067 ser.

457 5094 537 5156 illies.
574 5100 636 5157 289.
655 5101 689 5159 V.
707 5101 742 5158 D.
761 5099 864 5171 perdis,
