4000 6050
714 1775 1078 1875 PROLOGUS.

389 1975 562 2086 Annum
584 2012 761 2080 Anserem
782 1999 861 2080 mili
884 2018 1081 2084 conuentus
1102 2019 1204 2086 nucu

389 2120 469 2186 Inde
492 2119 569 2186 mihi
591 2119 781 2202 principium
804 2123 931 2204 capium
954 2143 995 2186 cx
1018 2123 1059 2188 ea
1080 2126 1257 2208 tragoediis.

389 2225 550 2308 sileteque
574 2225 606 2291 et
627 2229 731 2292 tacete
754 2232 850 2308 atque
873 2227 1014 2294 enimum
1037 2229 1209 2296 advertite:

389 2330 510 2398 Audire
532 2332 619 2398 iubet
639 2351 699 2398 ves
721 2332 893 2415 imperetur
915 2333 1074 2402 histricis.

388 2437 546 2520 Exsurge,
570 2435 703 2521 praeco:
726 2436 778 2503 fac
801 2439 922 2522 pupulo
945 2438 1156 2506 audientiem:

387 2541 583 2608 Jamdudum
606 2542 769 2626 exspecto,
793 2543 930 2610 situum
954 2543 1091 2610 efficium
1114 2546 1209 2612 scies.

387 2649 510 2714 Erercc
531 2647 654 2730 recem,
678 2667 775 2731 quam
797 2669 856 2731 per
877 2649 1026 2732 virisque
1049 2655 1082 2716 et
1102 2651 1205 2733 vales,

388 2755 472 2820 Nem
493 2753 555 2819 nisi
577 2753 742 2836 clumebis,
764 2754 895 2820 tacitum
918 2760 951 2820 te
973 2755 1104 2838 ebrepet
1125 2756 1238 2822 fames.

390 2857 462 2942 Age
483 2879 568 2925 nunc
590 2858 705 2942 reside,
730 2858 891 2944 duplicem
914 2865 948 2926 ut
970 2860 1151 2927 mercedem
1173 2861 1269 2928 feres.

391 2965 515 3031 Bonum
537 2963 644 3033 hercle
665 2963 795 3049 fectum,
821 2965 927 3033 edictu
950 2970 985 3032 ut
1006 2965 1140 3034 servetis
1162 2968 1237 3034 mee

390 3072 544 3153 Bonoque
566 3075 602 3135 ut
623 3070 729 3137 enimc
753 3071 888 3138 sedeunt
909 3073 943 3136 ln
966 3073 1128 3155 subselliis

389 3178 431 3241 Et
453 3176 628 3243 esurientes
652 3181 684 3241 et
706 3176 761 3258 qui
783 3176 884 3243 stturi
905 3180 1060 3243 venerint.

388 3282 450 3359 Qui
473 3281 593 3364 edistis,
616 3280 715 3347 multo
738 3280 860 3349 fecistis
884 3283 1074 3366 sapientius:
1124 3360 1129 3375 Ι

390 3387 453 3465 Qui
474 3407 539 3453 nun
562 3385 684 3470 edistis,
709 3390 808 3454 saturi
830 3388 886 3455 fite
908 3388 1037 3455 fabulis.

392 3494 475 3559 Nam
498 3492 573 3575 quoi
594 3491 742 3575 peretum
766 3498 825 3575 est,
849 3493 935 3577 quod
958 3494 1034 3578 edit,
1057 3496 1169 3560 nestra
1190 3493 1295 3577 gratie

389 3598 496 3666 Nimia
518 3604 567 3665 est
590 3599 725 3665 stultitia
748 3618 873 3666 sessum
894 3600 1083 3683 inprensum
1105 3600 1262 3667 incedere.

391 3704 536 3771 Scortum
560 3703 722 3770 exoletum
744 3724 785 3770 ne
808 3704 900 3786 quusi
923 3707 957 3773 in
979 3705 1148 3789 proscenie

389 3811 517 3894 Sedeat,
540 3830 604 3876 neu
626 3810 719 3875 lictor
740 3810 873 3876 verbum
896 3818 953 3878 aut
974 3813 1087 3894 virgae
1110 3810 1269 3891 muttient,

388 3916 460 3983 Neu
482 3914 676 3999 dissignetcr
698 3920 825 3999 praeter
848 3916 884 3982 es
908 3917 1091 3984 obambulet

390 4022 461 4088 Neu
483 4012 609 4089 sessum
632 4021 739 4103 dicat,
764 4020 840 4087 dum
863 4020 974 4087 histrio
997 4023 1032 4087 ln
1054 4042 1153 4089 scena
1176 4021 1248 4089 siet.

390 4128 455 4194 Diu
477 4128 531 4211 qui
554 4127 647 4193 otiesi
670 4125 758 4192 domi
781 4126 1009 4207 dormiverunt,
1034 4127 1127 4193 decet

388 4233 503 4299 Anime
526 4252 630 4316 aequo
653 4230 738 4299 uuine
762 4237 856 4315 stent,
881 4233 933 4299 vel
957 4233 1096 4299 dormire
1118 4231 1306 4316 temperent.

312 4456 432 4513 Versum
450 4456 469 4512 4
486 4456 515 4511 in
533 4454 615 4515 codd.
635 4460 790 4525 sequuntur
806 4472 834 4512 v.
854 4459 970 4527 11-16,
991 4455 1091 4512 deinde
1108 4472 1136 4514 v.
1155 4458 1254 4514 5-10,
1327 4455 1352 4511 7.
1371 4453 1452 4511 codd.
1471 4451 1551 4509 culis:

241 4546 341 4615 scripsi
359 4547 446 4603 veles.
477 4584 479 4589 ,
519 4546 544 4600 8.
563 4542 598 4600 V.
616 4544 736 4613 tatitunr,
755 4544 791 4599 D.
809 4546 841 4604 P.
861 4547 963 4604 statim.
1031 4546 1075 4602 10.
1094 4544 1176 4601 codd.
1194 4561 1220 4604 0.
1238 4545 1342 4601 bonurn
1361 4540 1465 4597 fectum
1483 4556 1553 4599 csse.

240 4635 346 4703 Scripsi
364 4634 469 4689 bonurn
487 4632 579 4688 hercle
598 4630 709 4688 fuctum.
728 4630 763 4691 cf.
782 4648 810 4691 v.
827 4633 872 4692 45.
891 4634 923 4689 P.
944 4648 1049 4690 serves.
1086 4634 1130 4690 11.
1148 4634 1183 4690 V.
1196 4634 1232 4687 D.
1251 4632 1374 4689 sedeate.
1410 4631 1453 4687 12.
1472 4630 1554 4691 cedd.

240 4739 267 4780 ο.
294 4724 332 4776 Et
358 4721 406 4791 qui
434 4721 597 4790 esurientes,
625 4720 680 4797 nisi
708 4718 784 4789 quud
807 4720 842 4778 V.
865 4722 900 4779 D.
925 4721 1094 4789 esuplentes.
1122 4720 1158 4779 D.
1179 4722 1211 4779 P.
1231 4724 1259 4775 et
1287 4719 1387 4789 suturi,
1415 4733 1469 4776 orn.
1497 4718 1554 4787 qui.

242 4809 284 4866 15.
303 4810 338 4868 V.
356 4809 392 4867 D.
410 4808 548 4865 tralaticio
567 4823 659 4864 errore
676 4812 805 4877 puratum
825 4808 850 4864 si
867 4824 894 4878 p.
914 4812 1079 4878 paratumst.
1098 4809 1129 4868 P.
1148 4809 1222 4867 edat.
1278 4810 1322 4865 16.
1341 4808 1376 4865 D.
1390 4808 1554 4875 impulsum.

241 4898 285 4952 17.
303 4898 338 4954 V.
356 4911 393 4954 ue
412 4897 482 4967 quis.
501 4898 536 4952 D.
556 4910 620 4964 neq.
639 4896 670 4955 P.
689 4912 725 4952 ne
744 4896 828 4966 quod.
856 4896 959 4966 Scripsi
978 4912 1013 4951 ne
1032 4896 1120 4964 quusi.
1167 4897 1210 4953 18.
1229 4897 1264 4953 V.
1278 4898 1314 4954 D.
1332 4895 1406 4953 niue.
1425 4896 1458 4951 P:
1475 4910 1556 4953 neve.

242 4988 284 5043 19.
303 4986 338 5043 D.
368 4986 539 5054 designator.
570 4985 607 5039 cf.
634 4985 709 5054 Lips.
739 4989 795 5040 ant.
825 4985 901 5041 lectt.
929 4984 1020 5053 219.
1065 4984 1096 5042 P.
1122 4986 1292 5053 praeteriens
1320 5001 1348 5053 p.
1375 4987 1487 5054 praeter
1515 4999 1555 5047 os,

241 5076 284 5130 21.
304 5072 385 5130 undu.
403 5074 479 5129 domi
498 5072 581 5129 otiosi
600 5072 782 5130 dormierunt:
802 5074 900 5143 scripsi
919 5072 1002 5128 otiosi
1021 5071 1097 5127 dcmi
1115 5072 1312 5130 dormiverunt.
1368 5072 1413 5128 22.
1432 5070 1464 5129 P.
1484 5072 1557 5126 sient

240 5181 267 5235 p.
285 5168 370 5220 stent.

1317 5222 1461 5312 v.
