4000 6050
416 568 458 634 do
531 513 533 516 ⁵
629 639 631 652 Ι
1001 547 1145 640 annum
1190 572 1194 577 ·
1261 624 1266 628 ‚
1360 529 1366 538 '
1438 546 1484 619 (u,
1502 546 1529 616 4,
1547 543 1667 614 ao-rq

492 735 592 801 Multa
614 732 780 798 mulierum
803 736 877 797 sunt
898 729 986 812 vitia,
1010 727 1069 796 sed
1092 728 1152 796 hoo
1175 749 1194 794 e
1217 726 1324 794 multis
1347 745 1533 793 maxumum
1555 723 1613 805 est,

500 838 603 918 Quom
616 839 676 906 sibi
689 837 782 902 nimis
794 835 923 920 placent
934 835 1102 918 minusque
1119 833 1243 901 addunt
1259 853 1390 917 operam
1407 835 1454 900 nti
1470 833 1621 916 placeant
1631 827 1717 894 viris.

572 923 578 934 ’
931 940 1198 1006 Arunnasurnrs.

491 1049 618 1116 Nimiae
632 1047 789 1132 voluptati
801 1052 864 1128 est,
887 1046 973 1129 quod
987 1047 1022 1112 in
1037 1047 1120 1114 extis
1137 1046 1253 1115 nostris
1268 1045 1449 1129 portentum
1464 1046 1523 1124 est,
1541 1040 1640 1120 soror,
1660 1045 1715 1117 (35)

492 1154 585 1233 Quod
608 1153 747 1236 aruspex
770 1151 811 1220 de
834 1154 988 1220 ambabus
1012 1153 1106 1219 dixit:

924 1257 1209 1325 Aoonnsrocnns.

1141 1362 1245 1430 Velim
1268 1361 1313 1429 de
1332 1381 1383 1428 me
1406 1357 1529 1442 aliquid
1548 1346 1676 1424 dixerit.

932 1469 1200 1534 Anrnnrsrrnrs.
1382 1499 1385 1504 ¹

401 1603 408 1614 r
491 1575 558 1640 Nos
581 1572 649 1638 fore
672 1571 799 1638 ddmino
822 1579 930 1640 nostro
953 1574 1052 1640 invito
1075 1572 1189 1640 diebus
1211 1571 1324 1655 paricis
1350 1571 1477 1638 liberis.
1673 1660 1675 1665 Ι

491 1678 529 1746 ld
552 1699 623 1762 ego,
646 1678 708 1744 nisi
731 1677 808 1759 quid
831 1678 864 1744 di
887 1684 943 1745 aut
965 1678 1116 1762 parentes
1139 1677 1252 1761 faxint,
1279 1681 1334 1760 qul
1356 1696 1491 1760 sperem,
1511 1672 1580 1753 ‘hau
1602 1673 1677 1740 scit.

925 1784 1208 1849 Aooansnocnns.

490 1889 564 1954 Mea
586 1875 704 1952 fidicia
726 1886 833 1955 hercle
856 1890 1006 1972 aruspex,
1029 1894 1152 1971 patrue,
1175 1887 1226 1953 his
1249 1886 1404 1971 promisit,
1429 1885 1506 1967 scio,

479 1992 693 2075 Libertatem,
717 1992 792 2073 quia
815 2015 866 2061 me
888 1994 997 2060 amdre
1020 1994 1104 2060 hanc
1127 1994 1196 2060 scit.

930 2098 1190 2166 Annnrrmsrnn.

1188 2202 1300 2286 Soror,
1324 2221 1458 2285 sequere
1480 2198 1551 2265 hac.

927 2307 1194 2375 Aarnnrsrrnrs.

1169 2401 1173 2406 ⁸
1508 2409 1641 2494 Sequor·
1658 2417 1717 2489 (40)

997 2518 1134 2584 Hanno.

341 2637 412 2691 1200
491 2625 680 2706 Priusquam
703 2621 806 2714 atritis,
832 2643 889 2690 vos
914 2624 986 2689 volo
1011 2623 1134 2688 ambas.
1158 2623 1221 2689 nisi
1243 2622 1342 2708 piget,
1365 2619 1540 2689 consistite.

930 2728 1192 2794 Annnrnnsruru.
1379 2735 1382 2746 “

490 2833 569 2912 Quis
593 2833 742 2900 revocat?

620 2934 623 2943 “
919 2936 1203 3004 Aoonnsuocnns.

689 3035 691 3039 ’
765 3042 826 3119 Qui
850 3044 932 3110 bene
954 3045 1023 3109 volt
1044 3044 1135 3110 vobis
1159 3045 1275 3113 iacere.

614 3126 621 3155 ⁸
929 3148 1192 3218 Annnnnrsrou.

1300 3256 1422 3324 Facere
1444 3255 1572 3321 occasio
1595 3253 1654 3320 cst.
1729 3265 1732 3271 ·

492 3358 557 3426 Sed
580 3358 652 3441 quis
674 3356 769 3443 homo
792 3358 863 3425 est?

920 3465 1203 3558 Aooarsroonns.

852 3569 1019 3648 ‚Amicus
1041 3572 1143 3638 vobis.
1256 3583 1259 3602 ¹

929 3676 1192 3745 Annnmmu·

1167 3782 1230 3861 Qui
1252 3781 1380 3866 quidem
1402 3780 1466 3847 ndn
1487 3780 1634 3849 inimicus
1658 3779 1707 3844 sit

917 3887 1201 3955 Aooansrocnns.

487 3989 596 4054 Bonus
620 3992 668 4093 est
690 3987 745 4057 hio
767 3991 871 4076 homo,
896 4012 969 4060 mea
992 3994 1154 4079 voluptas.

488 4241 566 4299 1199.
583 4240 727 4305 mulierum
746 4247 810 4297 sunt
827 4242 957 4302 Bothius:
978 4245 1058 4303 codd.
1078 4248 1143 4302 sunt
1161 4244 1314 4299 mulierum.
1337 4242 1373 4301 A.
1391 4242 1546 4299 maximust.
1586 4242 1664 4300 1193.
1682 4241 1712 4297 Ρ.

382 4386 385 4391 ,
408 4329 560 4385 nimissibi.
580 4328 725 4399 minusque
734 4329 769 4386 A.
778 4329 826 4388 D.:
849 4332 879 4391 P.
891 4334 1037 4404 nimisque.
1055 4332 1165 4389 Deinde
1173 4331 1279 4386 addunt
1288 4346 1399 4400 operam
1408 4330 1443 4384 A.
1451 4329 1541 4387 solus:
1559 4330 1592 4387 P.
1602 4344 1713 4399 oporam

407 4418 484 4487 dant,
502 4418 538 4475 D.
556 4432 677 4487 operam,
697 4433 751 4473 om.
770 4417 846 4475 dant.
876 4420 1004 4491 Denique
1022 4421 1104 4478 codd.
1123 4426 1168 4475 nt:
1188 4434 1241 4474 scr.
1259 4419 1310 4477 uti.
1348 4419 1427 4478 1194.
1445 4416 1480 4473 Α
1499 4417 1665 4487 uoluptatist
1678 4446 1712 4457 -

406 4510 602 4575 portentumst.
638 4505 673 4562 D.
692 4506 722 4560 P.
743 4519 819 4561 soror
836 4511 888 4563 est.
931 4509 1012 4568 1195.
1030 4508 1113 4575 Quod
1131 4507 1262 4564 Botulus:
1280 4507 1362 4565 codd
1381 4506 1523 4575 Quodque.
1559 4506 1594 4561 m
1614 4505 1648 4562 D.
1667 4504 1713 4558 hn-

407 4610 517 4664 ruspex.
555 4595 591 4652 D.
610 4594 641 4652 P.
662 4592 767 4664 aliquid
786 4593 852 4663 quid
871 4595 980 4654 dixerit.
1029 4598 1111 4656 1196.
1129 4596 1210 4655 codd.
1228 4596 1316 4654 invito
1335 4595 1447 4651 domino
1465 4599 1575 4649 nostro:
1595 4608 1647 4649 scr.
1666 4592 1714 4648 do-

406 4683 480 4739 mino
500 4688 594 4739 nostro
612 4681 709 4737 invito.
747 4682 826 4737 1197.
844 4681 880 4739 A.
898 4684 952 4741 dei.
988 4684 1098 4741 Deinde
1118 4686 1166 4754 qui
1185 4684 1351 4741 Guilelmus:
1371 4681 1453 4739 codd.
1472 4681 1548 4750 quid.
1585 4682 1713 4750 Denique

406 4770 460 4828 hau
478 4770 513 4824 Α.
586 4770 664 4825 1198.
693 4770 724 4827 P.
743 4774 890 4838 aurusperi,
918 4772 1001 4829 ceteri
1030 4772 1179 4843 haruspex.
1224 4772 1258 4826 D.
1277 4771 1308 4828 P.
1336 4770 1469 4839 patruelis
1498 4786 1525 4840 p.
1544 4775 1643 4839 patrue
1662 4770 1713 4825 his.

408 4862 487 4918 1200.
505 4859 540 4914 D.
559 4856 671 4913 habitis.
707 4857 738 4911 P.
758 4854 867 4912 abeant.
903 4859 1014 4916 Deinde
1032 4861 1096 4917 volo
1117 4860 1213 4917 ambas
1231 4858 1418 4915 Camerarius:
1438 4857 1471 4915 V.
1491 4857 1659 4929 nclamabas‚
1679 4859 1712 4914 D.

407 4947 555 5017 clamabas,
575 4945 606 5004 P.
625 4944 649 5000 si
667 4945 711 5000 vis
730 4946 768 5012 (p.
788 4947 849 5015 vos)
869 4944 1036 5004 clamabas.
1065 4948 1177 5005 Deinde
1195 4949 1226 5003 P.
1245 4944 1422 5017 Agorastocli
1440 4945 1538 5001 tribuit
1555 4945 1616 5001 Nisi
1633 4947 1713 5016 piget

405 5035 557 5093 consistite.
607 5031 686 5089 1202.
703 5031 739 5091 A.
757 5033 883 5091 inimicus
901 5048 957 5089 non
976 5035 1021 5096 sit.
1057 5037 1126 5095 lude
1144 5054 1198 5097 scr.
1216 5050 1272 5091 non
1290 5032 1419 5093 inimicus
1438 5033 1482 5090 sit.
1519 5035 1554 5089 D.
1573 5035 1604 5091 P.
1623 5034 1713 5092 inimi-

405 5137 456 5179 cus
474 5136 531 5180 non
550 5125 601 5180 est.
