4000 6050
1020 531 1174 601 333333
1458 541 1533 615 (aa
1552 526 1709 612 raassrtel

966 721 1249 802 Aeonnsnoonna.

731 825 816 907 Quid
837 825 995 898 festinas?
1016 828 1111 894 turba
1133 828 1216 893 nine
1238 826 1285 892 illi
1307 832 1365 894 333.
1412 905 1416 912 g

893 922 895 931 ’
973 932 1233 999 Annnmnernnt.
1312 934 1315 942 '

1066 1038 1094 1055 ”
1383 1035 1465 1103 Seio.

380 1154 434 1210 330
452 1142 532 1212 Sunt
553 1143 599 1211 illi
623 1143 716 1225 31133,
741 1161 822 1226 quas
846 1145 993 1226 spectare
1015 1150 1131 1227 egoet
1153 1163 1204 1208 me
1227 1138 1365 1226 spectari
1387 1141 1470 1207 volo.
1513 1158 1519 1164 ·
1554 1146 1556 1152 ’

961 1241 1244 1316 333333333333.

454 1325 643 1434 3313333
650 1359 795 1438 spectare
817 1355 937 1438 tirpee,
960 1352 1104 1439 pulcram
1128 1351 1339 1439 spectandam
1362 1350 1463 1417 darei
1679 1357 1759 1428 (125)

720 1483 722 1488 ¹
976 1461 1235 1526 Annnnnnsrnn

451 1537 1534 1648 3131333333333333333331333133333333333133333313133.
1623 1555 1630 1564 '

449 1671 497 1737 Eo
521 1668 713 1737 conveniunt
736 1670 942 1738 mercatores:
966 1670 1012 1735 ibi
1034 1686 1094 1754 ego
1118 1690 1169 1737 me
1192 1667 1317 1736 ostendi
1337 1666 1422 1734 volo.

961 1775 1244 1840 Aeonnsrocnna

451 1880 642 1949 Invendibili
664 1881 761 1948 merei
784 1881 909 1965 oportet
931 1880 1013 1946 ultro
1036 1869 1212 1963 emptorem
1234 1877 1405 1961 adducere,

379 1997 433 2054 335
450 1989 557 2056 Proba
579 2007 668 2054 merx
691 1984 785 2054 facile
809 1992 984 2072 emptorem
1007 1984 1134 2069 reperit,
1156 1985 1286 2052 tametsi
1308 1984 1341 2050 in
1364 1983 1485 2051 deoulto
1508 1982 1572 2048 3133
1594 1981 1653 2047 333.

452 2094 536 2175 Quid
559 2094 609 2162 313
631 2093 692 2160 tri?
714 2093 844 2177 quando
867 2091 955 2175 apud
977 2110 1029 2158 me
1044 2090 1168 2159 meeum
1190 2096 1288 2174 eaput
1308 2094 1342 2156 et
1360 2089 1477 2173 eorpus
1499 2087 1656 2170 copulas?
1677 2095 1757 2165 (133)

975 2197 1236 2264 3333333333.

451 2304 520 2384 Quo
544 2301 596 2371 die
619 2301 732 2420 Oreus
743 2303 784 2369 ab
807 2301 1006 2372 Aeeherinte
1027 2302 1168 2370 mortuos
1191 2299 1341 2388 amiserit.

770 2413 773 2425 “
871 2403 875 2409 ’
959 2376 1242 2476 Aeoaaanoonas.
1299 2406 1302 2411 ⁴

451 2513 532 2584 Sunt
553 2513 598 2579 mi
620 2512 706 2581 133333
728 2513 836 2581 neseio
859 2519 936 2596 quot
957 2513 1112 2582 nimmuli
1135 2517 1223 2582 aurei
1246 2508 1445 2597 lymphatici:

973 2621 1233 2688 3333333333.

451 2723 579 2819 Deferto
603 2723 647 2791 ad
669 2743 734 2792 me:
759 2723 837 2792 faxo
853 2725 1001 2831 3333133333
1024 2726 1199 2793 eonstiterit
1185 2723 1459 2842 tlymplratiedm.
1555 2743 1566 2768 ⁸

1017 2832 1219 2898 11333333Ι

379 2946 433 3003 340
449 2936 575 3005 Bellula
596 2933 704 3004 herele
726 2941 783 3003 333.

961 3044 1240 3113 Aaoansnocnna

829 3149 845 3213 Ι
869 3147 1007 3217 (11333333
1029 3150 1072 3223 in.
1087 3150 1270 3246 maxumdm
1292 3150 1412 3217 malam
1434 3146 1573 3215 erueemt

1023 3254 1186 3324 Mrnrnm.
1207 3249 1238 3336 ’,

450 3355 561 3436 Quam.
577 3357 681 3440 magia
706 3357 848 3442 aapeete,
871 3364 938 3423 tam
960 3360 1070 3447 megia
1089 3369 1139 3429 333
1161 3354 1304 3430 nimbata
1326 3361 1359 3427 33
1380 3378 1488 3443 nugae
1511 3356 1629 3425 merae.
1682 3359 1755 3432 (135)

960 3466 1274 3535 333333333333..

449 3562 593 3651 Segrega
616 3586 810 3689 sermonem.
834 3567 953 3637 taedet.
981 3551 1074 3654 Age,
1098 3575 1167 3638 eust
1154 3571 1230 3640 tolle
1252 3570 1314 3638 hoe
1337 3568 1518 3637 amieuldm·

967 3675 1233 3742 Ananrnnamn.

447 3776 533 3843 Pura
553 3775 637 3847 sim.
662 3798 838 3863 comperce,
864 3780 991 3862 amabo,
1017 3800 1068 3847 me
1092 3780 1271 3863 attrectare,
1295 3780 1533 3865 Agorastoolea
1582 3856 1586 3863 ‚

876 3875 879 3883 ’
959 3886 1243 3955 Aoonnsrocnna
1320 3901 1324 3910 ·
1418 3902 1422 3909 ·

450 3986 534 4066 Quid
557 4008 655 4072 agam
677 3988 784 4057 mine?
1115 3975 1117 3979 ⁸

528 4246 723 4315 3333331133.
772 4247 968 4321 3331333133.
1017 4249 1079 4304 331.
1098 4248 1133 4305 A
1152 4248 1228 4305 libet
1276 4248 1339 4305 333.
1356 4247 1392 4304 A.
1412 4263 1466 4305 om.
1485 4262 1547 4317 ego.
1588 4246 1649 4302 333
1667 4244 1701 4302 V.
1718 4243 1749 4297 In

450 4333 591 4391 uendiblle
610 4351 691 4391 mera.
710 4334 790 4392 eodd.
810 4337 895 4391 oeteri
914 4351 1009 4391 omnes
1028 4351 1127 4392 meree.
1189 4336 1251 4393 335.
1269 4336 1304 4392 D.
1323 4351 1398 4392 mers
1417 4341 1558 4391 -tarem
1578 4338 1622 4389 est
1639 4350 1666 4403 p.
1685 4335 1747 4386 tam.

356 4424 366 4438 ‘
449 4420 555 4477 Deinde
584 4424 665 4481 eodd.
691 4429 801 4493 praeter
828 4424 864 4478 A.
885 4440 980 4480 omnes
1008 4422 1136 4479 abstruso
1161 4440 1188 4493 p.
1208 4422 1326 4492 oeeulto,
1355 4424 1409 4479 nisi
1438 4423 1512 4495 quod
1528 4419 1574 4478 Ἰ).
1595 4422 1747 4477 abatruoao.

449 4508 512 4563 336.
543 4512 655 4580 quando
685 4511 760 4581 apud
790 4526 834 4566 me
865 4512 896 4567 P.
928 4511 1017 4567 aolus:
1048 4511 1133 4567 eeteri
1164 4510 1277 4580 quando
1307 4511 1348 4566 illi
1378 4513 1454 4582 apud
1484 4526 1537 4567 me.
1578 4506 1686 4564 Deinde
1710 4498 1747 4558 A.

450 4595 769 4658 cAP....U..1.LAS
788 4616 814 4668 p.
829 4605 915 4669 eaput
932 4603 961 4654 33
974 4614 1074 4669 eorpus
1087 4599 1210 4667 eopnlae.
1247 4600 1309 4655 337.
1328 4599 1362 4657 V.
1376 4600 1411 4655 D.
1426 4599 1559 4666 amiseris,
1577 4598 1609 4653 P.
1622 4594 1747 4650 emiserit.

450 4684 511 4741 338.
530 4687 566 4745 A.
586 4702 639 4742 om.
659 4686 742 4745 intua.
780 4686 891 4743 Deinde
918 4686 954 4744 A.
972 4687 1009 4743 D.
1038 4686 1121 4755 qnod.
1158 4687 1288 4756 Denique
1317 4687 1402 4743 codd:
1426 4700 1523 4741 omnea
1551 4684 1668 4739 nnmml:
1695 4698 1744 4738 aer.

450 4776 601 4847 nummuli„
637 4775 698 4832 339.
717 4775 752 4834 D.
772 4790 804 4832 ao
823 4776 921 4830 totum.
978 4774 1040 4831 340.
1059 4775 1091 4833 Ρ.
1110 4790 1164 4830 om.
1183 4784 1304 4844 nemone
1322 4773 1493 4845 Milphionie:
1512 4772 1609 4828 Belua
1646 4770 1748 4828 Deinde

449 4851 1268 4921 33331333333131311333333333333333331333333.333.
1307 4860 1639 4931 341.3313.3113,33,3
1663 4860 1747 4927 Quam

448 4948 538 5019 magia
557 4960 618 5006 eam
637 4950 780 5022 adapeeto,
799 4952 854 5005 tam
874 4952 964 5019 magia
982 4949 1108 5006 nimbata
1127 4954 1179 5007 333.
1216 4949 1277 5008 342.
1296 4950 1327 5009 P.
1345 4948 1544 5024 1333333333.
1572 4944 1674 5024 Totam
1693 4964 1747 5005 rer-

449 5049 510 5089 aum
528 5036 707 5106 Agorastocli
726 5037 804 5095 dedit
822 5038 862 5096 Bo
865 5038 949 5110 thina,
962 5037 1049 5097 ’.3333
1067 5036 1154 5095 rerba
1171 5037 1264 5109 priora
1282 5039 1336 5094 tn'a
1353 5035 1558 5108 Adelphaeio.
1572 5034 1651 5154 ι343.
1668 5036 1703 5091 Ι)
1719 5036 1747 5093 Ρ

449 5129 599 5195 comperta.
617 5125 656 5184 A.
673 5126 756 5185 Ρ.3
726 5130 886 5187 at.traetare
