4000 6050
976 457 1128 549 ennum-
1185 444 1193 457 ⁸

510 797 750 857 Aaeahsroenns.
790 795 897 854 Lreus.
937 793 1054 853 Hanno.
1095 792 1316 854 Annnnhasmu.
1356 788 1579 880 Arrnnhsrmm.

924 889 1168 950 Aurnnuomnns.

923 1041 1165 1103 Aeonasreenns.

562 1137 657 1212 Quam
677 1156 738 1198 rem
759 1135 832 1214 agis,
854 1135 957 1208 miles?
980 1139 1031 1214 qui
1051 1137 1133 1198 lubet
1152 1137 1257 1212 patrue
1278 1134 1344 1192 med

562 1231 660 1310 Loqui
679 1230 889 1293 inclementer?
910 1234 956 1292 Ne
976 1234 1089 1311 mirere,
1110 1229 1245 1290 mulieres

504 1329 509 1348 “
563 1327 649 1401 Quod
669 1346 734 1389 eum
755 1330 928 1404 sequuntur:
950 1328 1037 1388 mede
1058 1327 1196 1405 eogndvit
1215 1323 1291 1384 filits
1377 1352 1382 1357 ·

502 1497 505 1504 Ι
564 1422 638 1484 Sues
657 1439 721 1484 esse
741 1423 831 1484 hasne
852 1425 963 1484 turbas.

992 1519 1101 1578 Lreus.

460 1669 461 1674 ,
657 1645 667 1654 -
986 1616 1051 1692 Dm,
1064 1613 1151 1688 -qued
1170 1611 1291 1678 verbnm
1311 1623 1396 1666 eures
1416 1608 1497 1665 mets

565 1707 700 1786 Tetigit?
722 1711 807 1772 Nune
826 1710 914 1788 periit
936 1709 1023 1770 Unde
1041 1709 1133 1768 haeee
1152 1708 1302 1784 perierunt
1320 1698 1429 1764 deme?

652 1869 661 1887 ,
926 1805 1168 1868 Aeonasnocans.

564 1899 821 1978 Carthaginienses
840 1905 916 1964 sunt.

917 2021 919 2028 ,
980 1993 1103 2054 'Lreua

945 2091 986 2151 At
1005 2091 1060 2166 ego
1081 2107 1146 2150 sum
1166 2087 1305 2165 perditus.

565 2186 638 2244 Illue
658 2202 714 2261 ege
735 2184 843 2246 metuei
864 2169 987 2264 semper,
1009 2186 1047 2245 nd
1067 2184 1257 2262 cognesceret

564 2281 625 2339 Eas
645 2281 760 2360 aliquis,
781 2281 861 2356 qudd
880 2298 957 2341 nune
977 2281 1087 2343 factum
1107 2284 1160 2340 est
1201 2279 1264 2339 Vae
1289 2278 1396 2338 misere
1416 2269 1504 2335 mihi!

565 2375 690 2453 Periere,
713 2378 824 2454 opiner,
845 2375 1047 2453 duodeviginti
1067 2375 1175 2453 minae,

568 2468 626 2542 uui
645 2470 734 2533 hasce
755 2473 820 2533 emi.

932 2567 1177 2628 Aeonasrocnns.

848 2663 887 2724 Et
905 2666 967 2726 tute
987 2665 1052 2740 ipse
1070 2663 1192 2741 periisti,
1212 2661 1302 2738 Lyce.

511 2835 512 2840 γ
988 2760 1105 2820 Hanno.

567 2851 640 2925 Quia
660 2852 708 2914 hie
728 2851 794 2916 est?

931 2948 1172 3010 Asonnsrocnas.
1476 3027 1479 3036 Ι

829 3046 978 3106 Utrumvis
998 3050 1044 3106 est
1062 3048 1110 3107 vel
1129 3046 1195 3106 lene
1215 3046 1263 3106 vel
1282 3043 1389 3121 Lycus.

568 3142 604 3201 ln
625 3140 763 3201 servitute
783 3140 831 3202 hie
851 3142 927 3202 filits
946 3142 1051 3204 habuit
1069 3144 1137 3202 tute

445 3276 448 3283 Δ
563 3238 889 3299 mmmmm
1080 3301 1083 3307 .

763 3352 766 3357 ·
992 3334 1113 3393 Hanno.

931 3430 1045 3489 Bellum
1064 3428 1212 3489 hominem
1232 3443 1319 3501 quem
1340 3427 1470 3485 noveris!
1543 3413 1547 3419 ’

888 3538 891 3552 ·
930 3522 1172 3585 Anennsreenes.

362 3671 364 3675 .
471 3633 473 3641 ’
519 3609 523 3623 ’
569 3618 661 3699 Leno,
681 3620 818 3697 rapteem
837 3624 867 3681 te
889 3636 953 3683 esse
973 3623 1088 3700 semper
1107 3619 1227 3698 credidi,

329 3714 404 3769 11110
570 3716 679 3776 Verum
699 3718 787 3776 etism
808 3716 944 3797 furacem,
966 3720 1018 3795 qui
1037 3720 1181 3778 udverunt
1201 3717 1305 3791 magis.
1648 3708 1705 3776 (15)

479 3906 519 3975 P.
538 3908 585 3975 qui
603 3923 781 3976 personarum
801 3910 913 3964 nemina
932 3909 1045 3966 exhibet
1062 3909 1147 3979 eolus,
1166 3905 1369 3962 Antamonides
1388 3903 1475 3959 miles.
1503 3924 1507 3932 ’
1546 3893 1625 3957 1356.
1644 3903 1706 3970 agis

400 3994 436 4051 A.
456 3994 544 4049 solus:
562 3995 597 4051 D.
617 3996 707 4065 agitis,
727 3998 756 4051 P.
777 3997 836 4066 agit
854 3997 886 4053 is.
923 3998 1030 4051 Deinde
1048 3997 1085 4051 A.
1103 3996 1180 4065 libet,
1198 3994 1230 4051 P.
1249 3994 1334 4049 iubet.
1409 3992 1488 4048 1357.
1508 3990 1542 4050 D.
1561 3990 1706 4046 meminere

399 4098 426 4151 p.
445 4097 480 4135 ne
499 4082 604 4138 mirere.
678 4083 757 4142 1358.
775 4083 811 4141 A.
831 4087 972 4154 sequntur,
991 4086 1026 4142 D.
1045 4087 1185 4140 secuntur.
1259 4082 1338 4139 1359.
1357 4083 1392 4137 D.
1410 4082 1442 4136 P.
1461 4079 1545 4135 husee
1565 4095 1637 4135 esse.
1673 4078 1704 4132 P.

400 4170 518 4224 amissas
537 4186 563 4239 p.
582 4171 685 4228 ambas.
721 4171 829 4227 Deinde
848 4171 881 4229 D.
900 4173 932 4227 P.
951 4172 1033 4226 auris.
1107 4172 1187 4228 1360.
1205 4169 1291 4226 haece
1310 4168 1441 4224 Bothiua:
1463 4167 1502 4226 Ἀ,
1521 4167 1598 4238 haee,
1617 4167 1651 4223 D.
1670 4166 1701 4223 P.

401 4256 463 4315 hae.
502 4258 580 4314 1361.
598 4258 633 4314 A.
653 4257 895 4327 Carthaginenses.
945 4260 1023 4317 1362.
1043 4258 1164 4317 lllueA.
1183 4258 1233 4316 D.:
1252 4258 1283 4310 P.
1302 4256 1382 4311 Illud.
1418 4255 1527 4310 Deinde
1546 4255 1649 4309 metuei
1666 4254 1702 4309 A.

402 4345 481 4402 1363.
500 4346 531 4404 P.
550 4362 604 4403 am.
623 4347 687 4402 Eas.
723 4349 759 4406 A.
778 4346 917 4405 factumst.
994 4347 1073 4403 1365.
1103 4350 1163 4400 tute
1190 4345 1253 4414 ipse
1279 4343 1330 4399 Aa
1358 4343 1438 4399 eodd.
1467 4344 1552 4398 aeteri
1579 4342 1700 4411 tuipse.

402 4433 438 4492 A.
466 4434 500 4487 D.
527 4434 633 4502 peristi.
691 4434 760 4489 Post
797 4433 871 4489 hune
899 4449 1010 4489 versum
1048 4434 1076 4487 in
1114 4432 1194 4489 eodd.
1233 4431 1360 4487 omnibus
1398 4432 1532 4501 repetitur
1567 4447 1593 4488 v.
1623 4430 1702 4496 1361,

404 4536 485 4592 quem
517 4521 621 4577 delevit
647 4521 773 4577 Bothiua.
829 4536 856 4578 v.
876 4522 1038 4577 1366-68
1065 4524 1177 4577 exstant
1203 4519 1233 4573 in
1261 4520 1342 4578 eedd.
1372 4521 1491 4589 praeter'
1510 4521 1545 4575 A.
1573 4517 1701 4573 omnibus

402 4610 485 4665 etiem
513 4625 597 4679 supra
622 4613 688 4679 post
714 4625 741 4666 v.
763 4608 841 4663 1320.
888 4608 930 4665 lbi
957 4610 992 4665 D.
1012 4607 1148 4664 utrumuis
1166 4611 1196 4662 et
1213 4608 1285 4677 leno,
1314 4609 1346 4663 P.
1365 4622 1417 4663 om.
1431 4606 1624 4677 Agorastoclis
1643 4620 1703 4675 per-

401 4713 483 4754 sona:
502 4700 595 4752 utrum
612 4701 657 4751 est
675 4696 747 4751 lene.
784 4694 836 4751 Hie
855 4701 946 4753 autem
966 4698 1047 4753 eedd.
1074 4696 1156 4751 amba
1184 4695 1321 4751 utrumuis
1349 4700 1393 4751 est
1412 4695 1520 4750 nouelle
1539 4695 1702 4763 nouellieus,

401 4785 454 4839 nisi
472 4784 546 4854 qued
563 4784 595 4841 P.
608 4786 699 4838 utrum
719 4783 752 4839 11.
780 4782 813 4837 In
831 4799 914 4839 versu
932 4790 1067 4853 sequente
1086 4784 1124 4840 ibi
1143 4783 1177 4840 D.
1189 4783 1287 4839 habuit
1304 4783 1377 4838 filias
1396 4786 1467 4852 tuas,
1486 4783 1516 4841 P.
1535 4784 1637 4852 Ager.
1655 4780 1703 4835 ha-

400 4871 462 4927 buit
480 4871 552 4927 duas
569 4869 641 4926 filias
660 4874 731 4939 tuas,
758 4869 803 4925 hie
822 4873 857 4932 D.
876 4872 947 4927 filias
965 4872 1065 4928 habuit
1083 4873 1161 4941 miae,
1180 4875 1331 4927 correctum
1348 4869 1378 4924 in
1397 4875 1487 4941 tuas,
1516 4871 1547 4928 P.
1566 4871 1614 4939 qui
1632 4869 1704 4925 filies

399 4958 497 5015 habuit
514 4959 593 5017 duas.
629 4958 662 5011 In
690 4972 773 5013 versu
801 4961 883 5015 tertio
911 4960 950 5017 ibi
976 4961 1012 5016 D.
1031 4962 1063 5017 P.
1082 4961 1148 5015 mihi
1166 4959 1211 5015 hie
1231 4956 1298 5029 auri,
1329 4958 1374 5013 hie
1391 4957 1426 5017 V.
1446 4959 1550 5015 aurifer
1569 4990 1602 5001 -
1622 4972 1704 5028 quem

401 5048 486 5104 ueris.
523 5048 602 5104 1310.
621 5044 702 5104 eodd.
721 5051 835 5106 nerunt:
855 5064 906 5107 ser.
926 5054 1071 5105 noverunt.
