4000 6050
1035 549 1174 609 PLAUTI

625 786 630 795 .
653 725 746 795 Servi
768 746 809 793 ne
833 728 1012 811 obsideant,
1035 729 1143 831 liberis
1167 738 1201 799 ut
1223 732 1265 798 sit
1287 733 1386 815 locos,
1435 818 1443 840 Ι

653 833 713 899 Vel
736 853 792 899 aes
815 852 873 917 pro
897 830 1001 918 copite
1025 835 1115 902 dent:
1140 838 1167 904 si
1189 838 1224 904 id
1246 838 1353 906 socero
1375 859 1440 905 non
1463 839 1590 922 queont,

654 938 791 1004 Domum
814 939 941 1024 abeant,
965 944 1067 1037 vitent
1087 944 1219 1027 ancipiti
1241 943 1421 1028 infortunio,

653 1044 700 1109 Ne
723 1048 754 1109 et
776 1043 828 1109 hic
850 1046 1014 1114 var-iontur
1035 1049 1136 1132 virgis
1159 1047 1191 1115 ot
1212 1051 1289 1117 lon‘s
1312 1051 1408 1134 domi,

655 1147 689 1213 Si
711 1149 814 1214 minus
838 1151 1005 1236 curossint,
1029 1174 1101 1220 cum
1124 1154 1169 1220 eri
1193 1155 1359 1222 reveniant
1382 1157 1520 1224 domim.

652 1254 798 1320 Nutrices
821 1254 937 1337 poeros
960 1257 1090 1325 infantis
1112 1260 1283 1327 minutulos

652 1357 747 1423 Domi
770 1363 804 1424 ut
826 1360 1005 1445 procurent,
1029 1385 1079 1446 ne,
1103 1385 1198 1446 quom
1222 1365 1399 1449 spectatum
1422 1367 1579 1451 adierant,

653 1465 694 1528 ut
716 1465 807 1543 ipsae
830 1464 940 1530 sitiant
962 1474 994 1532 et
1017 1473 1108 1552 pueri
1131 1476 1265 1553 pereant
1287 1472 1382 1554 famo,

651 1570 740 1636 Neve
762 1569 936 1637 esurientes
958 1572 1011 1637 hia
1034 1575 1127 1656 quasi
1149 1573 1245 1641 hoedi
1268 1577 1450 1660 obvagiont.

651 1675 816 1741 Matronae
839 1675 936 1741 tacite
960 1684 1115 1762 spectent,
1139 1680 1235 1747 tacite
1257 1681 1397 1763 rideant3

525 1818 529 1828 «
653 1779 780 1844 Cancro
802 1777 854 1844 hic
877 1780 956 1848 voce
980 1803 1040 1849 sua
1061 1785 1178 1852 tinnire
1201 1787 1386 1870 temperent.

652 1886 790 1950 Domum
806 1885 965 1954 sermonis
987 1888 1155 1956 fabulandi
1177 1890 1349 1975 conferant,

654 1991 702 2056 Ne
725 1994 758 2056 et
778 1988 830 2055 hic
851 1989 928 2056 viris
952 1992 1015 2057 sint
1036 2000 1068 2060 et
1089 1994 1177 2061 dorni
1198 1997 1373 2063 molestiae.

654 2092 811 2175 Quodque
834 2093 877 2159 ad
898 2095 1046 2164 ludorum
1068 2101 1229 2167 curatores
1251 2101 1382 2184 adtinot,

601 2259 604 2264 .
655 2200 702 2265 Ne
725 2199 835 2282 palma
858 2200 951 2267 detur
974 2206 1145 2288 quoiquam
1168 2205 1281 2272 artifici
1303 2207 1428 2290 iniuria,

653 2305 741 2370 Neve
764 2304 943 2372 ambitionis
966 2327 1067 2375 causa
1088 2310 1298 2378 extrddantur
1319 2311 1415 2396 foros,

655 2409 725 2486 Quo
749 2408 920 2478 deteriores
944 2415 1188 2498 anteponantur,
1211 2417 1296 2482 boni.

655 2515 696 2578 lit
717 2512 778 2579 hoc
802 2534 926 2598 quoque
949 2518 1054 2599 otiam,
1078 2519 1164 2602 quod
1187 2542 1291 2604 paene
1313 2521 1431 2588 oblitus
1454 2520 1514 2587 iui:
1554 2539 1560 2548 ·

655 2619 740 2684 Dum
762 2619 831 2685 ludi
854 2619 943 2704 iiunt,
968 2624 1001 2690 in
1024 2628 1187 2708 popinam,
1210 2626 1388 2709 pedisequi,

653 2725 867 2812 inruptionem
890 2727 999 2810 iacite3
1024 2732 1118 2812 minc,
1143 2731 1219 2798 dum
1241 2732 1368 2799 occasio
1391 2733 1450 2813 ost,

654 2832 755 2913 Nunc,
780 2830 856 2897 dum
878 2832 1041 2901 scriblitae
1063 2837 1220 2919 aestuont,
1244 2837 1410 2904 accurrite.

656 2937 744 3002 Haec
767 2937 923 3019 imperata
946 2959 1029 3021 quae
1051 2947 1126 3007 sunt
1147 2961 1205 3026 pro
1227 2943 1360 3028 imperio
1382 2943 1523 3026 histrico,

655 3044 780 3109 Bonum
801 3042 908 3111 hercle
931 3045 1061 3129 iactum,
1085 3067 1143 3129 pro
1166 3067 1201 3114 se
1224 3050 1358 3131 quisque
1375 3033 1416 3116 ¹ut
1438 3048 1631 3115 meminerit.-

654 3147 706 3213 Ad
729 3148 949 3231 argumontum
971 3167 1057 3218 nunc
1079 3152 1255 3219 vicissatim
1281 3154 1355 3220 volo

655 3254 803 3336 Migrare,
828 3260 862 3320 ut
884 3255 986 3339 aeque
1009 3278 1133 3325 mecum
1156 3259 1226 3325 sitis
1252 3258 1416 3342 gnaruris.

654 3357 732 3424 Eius
755 3380 839 3425 nunc
862 3362 1019 3444 regiones,
1042 3363 1168 3445 limites,
1192 3363 1330 3429 confinia

654 3462 893 3532 Determinabo:
917 3467 946 3533 ei
969 3467 1016 3534 rei
1038 3486 1100 3550 egc
1122 3467 1227 3534 finitor
1249 3467 1354 3535 factus
1377 3468 1457 3535 som.

527 3572 533 3579 '
656 3565 722 3632 Sed
744 3566 805 3634 nisi
827 3571 996 3638 molostum
1019 3577 1078 3655 est,
1101 3593 1217 3641 nomen
1240 3573 1318 3641 dore
1340 3574 1430 3642 vobis
1452 3573 1526 3640 volo

641 3671 853 3741 ¹Comoedioi:
878 3677 927 3743 sin
950 3677 1024 3745 odic
1047 3678 1106 3761 ost,
1130 3679 1235 3746 dicam
1257 3680 1375 3763 tamem
1402 3758 1407 3773 Ι

527 3985 571 4043 nl.
589 3984 624 4043 V.
635 3982 669 4042 D.
688 3984 820 4042 curasint.
838 3984 947 4041 Deinde
960 3987 1108 4044 reveniant
1116 3986 1246 4045 Bothiua:
1265 3988 1346 4049 codd.
1358 4004 1384 4046 o.
1394 3987 1516 4045 veniant.
1527 3987 1560 4044 P.
1570 3990 1629 4043 tum
1639 3985 1768 4058 veniant,

457 4073 568 4131 omeri.
604 4074 648 4130 29.
667 4071 700 4131 V.
712 4087 765 4128 neu
777 4088 850 4143 quae
868 4074 903 4129 D.
913 4074 943 4132 P.
963 4090 1082 4146 neuque.
1101 4075 1159 4135 Scr.
1176 4092 1221 4148 ne,
1239 4091 1330 4146 quom.
1349 4075 1458 4133 Deinde
1475 4074 1511 4133 V.
1520 4075 1555 4133 D.
1574 4073 1692 4144 adierat,
1710 4076 1769 4130 nisi

456 4160 531 4229 quod
549 4161 584 4219 D.
604 4160 708 4216 afferat.
746 4162 790 4217 30.
810 4162 889 4219 codd.
909 4176 934 4219 o.
952 4162 994 4218 Ne
1013 4167 1043 4218 et
1060 4163 1147 4234 ipsae.
1174 4164 1275 4221 Delevi
1294 4164 1343 4223 Me.
1382 4166 1426 4221 31.
1443 4163 1478 4221 V.
1491 4162 1526 4220 D.
1546 4162 1610 4219 aedi
1627 4178 1654 4230 p.
1673 4160 1768 4217 hoedi.

455 4247 632 4304 Deoniana
670 4250 714 4307 32.
751 4248 786 4306 V.
805 4250 922 4306 radiant.
952 4250 985 4303 D.
1005 4250 1130 4308 redeant.
1167 4254 1224 4309 33.·
1242 4253 1276 4310 V.
1296 4266 1389 4317 cnara,
1407 4252 1442 4309 D.
1460 4252 1581 4321 Lanora,
1598 4249 1630 4308 P.
1649 4250 1768 4312 Panora.

454 4334 564 4390 Deinde
587 4334 621 4392 D.
644 4350 698 4394 orn.
722 4352 799 4395 voce.
849 4338 976 4407 Denique
994 4339 1026 4397 P.
1045 4339 1180 4396 scaturire
1196 4357 1224 4410 p.
1243 4356 1294 4397 sua
1317 4340 1426 4395 tinnire.
1511 4338 1555 4398 36.
1592 4337 1628 4395 V.
1647 4351 1701 4395 om.
1720 4337 1767 4392 ad·

455 4424 500 4481 38.
517 4424 549 4479 P.
568 4424 739 4485 extrudatur.
775 4427 819 4484 39.
836 4426 911 4497 boni,
924 4427 1110 4496 praecedente
1123 4433 1269 4499 commate,
1287 4428 1445 4485 Acidaliae:
1464 4426 1547 4483 codd.
1560 4428 1768 4495 anteponantur

454 4511 543 4571 bonis.
615 4514 660 4569 43.
696 4515 732 4571 V.
750 4516 781 4573 P.
800 4514 959 4571 scribilitae.
989 4515 1025 4570 D.
1043 4516 1192 4584 scriptitas.
1229 4515 1334 4586 Scripsi
1352 4515 1502 4573 scriblitae.
1533 4511 1569 4569 ci.
1594 4513 1664 4569 (lato
1682 4512 1766 4568 dere

454 4602 585 4659 rustili.
630 4602 742 4659 illatum
766 4618 823 4658 non
846 4602 974 4661 sollicito.
1021 4602 1131 4665 Deinde
1158 4606 1294 4661 accurrite
1321 4605 1481 4661 Acidaliae:
1511 4601 1592 4660 codd.
1620 4601 1765 4657 occurrite.

455 4688 500 4747 44.
518 4688 553 4745 V.
572 4688 608 4743 D.
626 4703 698 4757 quae
716 4690 859 4758 imperata.
894 4692 939 4747 45.
958 4691 989 4749 P.
1009 4706 1063 4749 orn.
1082 4696 1122 4749 ut.
1171 4693 1215 4749 47.
1233 4693 1315 4752 codd.
1334 4707 1361 4750 o.
1378 4692 1547 4759 Remigrare,
1566 4687 1619 4743 nisi
1637 4688 1712 4758 quod
1730 4689 1765 4745 V.

454 4775 612 4845 Remigare.
650 4776 754 4846 Scripsi
771 4776 897 4847 Migrare.
943 4777 1053 4833 Deinde
1070 4778 1102 4837 P.
1121 4781 1211 4850 aequi.
1256 4779 1384 4849 Denique
1407 4778 1442 4836 V.
1461 4778 1496 4833 D.
1516 4776 1562 4832 siti
1580 4778 1661 4847 signa
1678 4792 1764 4834 rurea.

456 4864 487 4921 P.
507 4863 569 4919 sitis
588 4863 754 4932 signatores.
809 4866 854 4924 49.
884 4864 977 4921 finitor
995 4866 1085 4921 factrus
1103 4882 1164 4923 sum
1182 4866 1323 4923 Muretus:
1354 4865 1436 4923 codd.
1454 4880 1480 4921 o.
1499 4880 1560 4919 curn
1579 4865 1650 4921 Non.
1669 4866 1711 4934 ll,
1729 4866 1765 4919 26

457 4967 517 5007 sum
536 4950 628 5009 iactus
645 4950 746 5023 finitor,
764 4952 818 5008 nisi
837 4953 918 5023 quod
929 4952 964 5011 V.
983 4969 1037 5010 om.
1057 4970 1126 5010 sum.
1181 4955 1225 5010 bo.
1256 4955 1290 5012 V.
1309 4954 1346 5011 D.
1361 4952 1533 5009 molestumsi
1552 4967 1608 5007 non
1626 4954 1764 5012 mendane.

456 5040 525 5097 Inde
544 5041 576 5097 P.
593 5039 787 5097 commendare
806 5058 833 5112 p.
851 5054 952 5097 nomen
971 5040 1048 5100 dare.
1102 5041 1146 5099 51.
1177 5041 1212 5101 V.
1232 5042 1266 5098 D.
1285 5042 1454 5124 comoediaia
1472 5040 1522 5114 (D.
1541 5040 1707 5112 comedistis)
1725 5042 1764 5095 in-

456 5127 554 5197 odiosi,
572 5129 603 5186 P.
623 5128 775 5186 comediam
793 5130 822 5184 ni
840 5127 904 5185 odic
921 5134 973 5189 est.
