4000 6050
372 3478 426 3534 ‘190

1021 539 1160 597 annum
1356 607 1362 616 ,
1421 541 1480 614 (nu,
1498 542 1524 612 s,
1542 528 1640 615 eae,
1658 540 1689 614 e>

946 719 1232 785 Aeoansneenns.

588 824 668 907 Age,
693 823 801 889 emitte
823 819 973 906 adiutum,
996 822 1135 907 fumifer,
1158 823 1368 907 marsupium:

588 928 765 995 Menuseste
788 928 838 995 fuir
861 949 905 996 es.
949 930 1037 1012 Mihi,
1060 951 1190 1014 quaeso,
1213 930 1320 998 herele
1343 950 1474 1014 operam
1497 931 1582 1014 date,
1642 954 1647 960 ⁴
1681 944 1740 1014 (40)

589 1035 674 1102 Dum
697 1055 748 1102 me
769 1033 886 1102 videtis
909 1056 1035 1103 servom
1058 1039 1099 1103 ab
1122 1037 1183 1104 hbe
1205 1037 1372 1104 abducere.

1028 1143 1151 1209 Lucus.

588 1245 681 1312 Nune
703 1248 841 1331 polege
863 1247 944 1331 perii
967 1242 1063 1328 aerio,
1086 1246 1175 1315 haud
1198 1247 1375 1313 dubitrunib.
1399 1235 1406 1246 “

589 1349 743 1418 Densulto
766 1352 828 1419 hee
850 1352 969 1419 fdetum
992 1358 1051 1434 eet,
1074 1352 1153 1418 mihi
1174 1358 1210 1418 ut
1231 1352 1367 1419 insidiae
1389 1351 1509 1418 fierent.

588 1455 653 1521 Sed
676 1455 753 1538 quid
776 1478 836 1541 ego
861 1457 968 1524 dubito
992 1457 1105 1539 fugere
1126 1456 1200 1522 hine
1221 1458 1256 1521 in
1278 1458 1399 1522 malam
1421 1457 1557 1539 erutam,

458 1643 462 1652 .
588 1560 778 1643 Priusquam
801 1565 922 1632 ebibito
946 1565 1027 1630 eollo
1050 1562 1093 1628 ad
1115 1562 1294 1645 praeberem
1316 1562 1448 1628 trahbr‘?
1683 1575 1761 1644 (45)·

589 1665 694 1732 Eheu!
720 1687 815 1750 quam
838 1688 898 1752 ege
921 1667 1020 1734 hebui
1042 1666 1101 1734 hos
1124 1668 1242 1734 arieles
1265 1667 1439 1750 aruspices,

590 1770 653 1849 Qui
674 1773 703 1838 si
725 1772 802 1855 quid
823 1773 898 1841 bbni
920 1774 1116 1856 promittunt,
1139 1774 1198 1856 prb
1221 1773 1326 1855 spisse
1349 1776 1466 1839 evenit:

589 1875 638 1960 Id,
662 1877 747 1959 qued
770 1879 848 1944 mali
869 1879 1065 1961 promittunt,
1089 1878 1345 1961 praesentarium
1368 1879 1426 1945 est.

589 1981 681 2048 Nune
703 1984 913 2050 ib02‘amieos
937 1983 1112 2066 eonsulbm,
1136 2003 1198 2066 que
1220 2003 1272 2050 me
1295 1984 1389 2060 modd

591 2085 793 2176 Suspendere
809 2089 958 2172 aequom.
974 2090 1126 2157 eensednb
1148 2091 1368 2174 potissumum·

678 2378 963 2443 Aeeaueuoenns.
1011 2374 1257 2443 Connumseus.
1301 2375 1495 2441 Anvocnm·

672 2589 674 2592 ,
949 2519 1234 2584 Aeennsueeuns.

590 2623 661 2704 Age
683 2628 727 2704 bu,
750 2621 952 2706 progredere,
976 2629 1011 2689 ut
1032 2628 1131 2689 testes
1153 2623 1287 2701 videant
1308 2628 1350 2705 te,
1372 2622 1446 2689 hine
1469 2621 1567 2690 feras.

590 2728 689 2794 Estne
712 2727 764 2793 hie
787 2747 876 2796 meus
898 2728 1033 2796 servos?
1191 2728 1194 2735 “
1501 2750 1505 2756 ’

966 2835 1212 2901 Oennnmseus.

1083 2939 1162 3006 Sum
1183 2939 1291 3007 herele
1310 2940 1398 3023 uero,
1422 2939 1657 3024 Agorastocles.

955 3047 1240 3113 Aeennsnocnns.

593 3150 678 3233 Quid
701 3154 807 3221 nune?
830 3152 965 3220 sceleste
987 3153 1075 3218 leno!

998 3258 1191 3325 Anvecunn

1120 3364 1253 3443 Quieum
1276 3364 1394 3446 litiges,

594 3467 766 3537 Abscessit.
1376 3488 1383 3497 ·

952 3564 1235 3641 nasammonas.

793 3676 948 3748 suumn
970 3680 1044 3747 hine
1067 3681 1181 3748 abierit
1202 3680 1322 3746 malem
1344 3672 1480 3745 eruedm.

937 3841 940 3848 .
999 3787 1191 3853 Anvocnuu.

595 3893 643 3957 Ita
666 3911 724 3957 nes
747 3892 831 3958 velle
854 3893 992 3975 aequom
1016 3899 1075 3959 est.

955 3999 1241 4063 Aeounsuoenns.
1357 4070 1361 4076 ,

1104 4103 1185 4170 Cras
1209 4095 1409 4171 subscribam
1428 4102 1550 4171 homini
1572 4102 1687 4170 diebm.
1712 4112 1751 4181 (5)

974 4210 1220 4277 Oeneumscus·

597 4312 758 4397 Numquid
781 4315 854 4381 me?

527 4515 588 4570 777.
607 4510 710 4569 videtis
728 4508 868 4580 Guyetus:
888 4510 923 4565 D.
941 4509 1071 4580 uideatis,
1089 4512 1120 4568 P.
1139 4510 1273 4571 videritis.
1296 4512 1367 4573 781.
1387 4513 1421 4572 V.
1440 4514 1601 4583 Priusquam
1619 4512 1686 4567 hine
1701 4528 1749 4581 op·

448 4606 529 4657 tortu.
567 4602 629 4658 787.
648 4600 677 4655 P.
697 4598 831 4655 heuheu.
851 4599 885 4657 V.
905 4614 996 4670 quom,
1015 4601 1049 4658 D.
1063 4617 1135 4659 eum.
1154 4598 1262 4657 Deinde
1281 4601 1361 4659 eodd.
1375 4616 1455 4657 emm.
1475 4599 1534 4666 bos,
1552 4601 1628 4667 quod
1645 4600 1748 4655 addidi.

448 4690 509 4746 783.
528 4690 563 4744 D.
581 4689 662 4745 bene.
690 4688 760 4744 Non.
779 4688 841 4757 392,
860 4688 979 4756 Piquiu
998 4687 1067 4757 quid
1084 4687 1165 4744 bene.
1210 4687 1320 4743 Deinde
1344 4689 1376 4742 P.
1394 4693 1424 4741 et
1441 4688 1512 4744 Non.
1530 4688 1679 4757 perspisso.
1716 4690 1750 4743 D.

446 4778 609 4846 promittunt
627 4774 827 4843 presentat-ium
847 4775 1088 4844 esq‘intermedjis
1107 4776 1226 4832 emissis.
1263 4775 1324 4831 784.
1342 4776 1416 4835 Non.
1431 4778 1604 4844 praesentari
1621 4782 1673 4834 est.

528 4866 589 4923 787.
607 4863 642 4921 D.
661 4862 777 4937 Agetur.
815 4862 922 4919 Deinde
949 4864 984 4921 D.
1002 4869 1033 4918 te
1051 4862 1141 4919 istine.
1179 4864 1248 4919 Inde
1276 4878 1329 4921 eeu.
1356 4869 1384 4917 te
1403 4862 1476 4921 bine.
1514 4863 1549 4921 V.
1567 4868 1596 4918 te
1613 4880 1644 4920 re
1662 4866 1753 4934 istius,

448 4954 478 5009 P.
498 4958 526 5009 be
544 4953 584 5007 ire
601 4950 692 5007 istinc.
730 4950 791 5005 788.
811 4950 891 5007 codd.
912 4967 1011 5006 seruus
1028 4954 1129 5009 meus?
1147 4952 1213 5009 Sum
1232 4950 1380 5007 mehereie:
1400 4966 1452 5007 ser.
1469 4966 1568 5008 meus
1586 4968 1707 5009 servos
1725 4956 1754 5006 'et

449 5056 512 5099 auum
531 5040 635 5098 Weisie
656 5039 730 5095 Sum
747 5036 872 5098 hercle.
910 5042 971 5098 791.
989 5041 1024 5093 D.
1034 5041 1214 5112 sausseribam,
1229 5041 1262 5097 P.
1272 5036 1398 5096 senibam.
1435 5040 1496 5097 792.
1516 5041 1551 5099 D.
1561 5041 1680 5109 Numqui
1690 5042 1752 5095 me?

449 5129 604 5187 Abseedas.
624 5129 655 5183 P.
673 5126 813 5196 Numquid
832 5127 1000 5185 abscedam?
1035 5129 1197 5202 Agorast.
1214 5129 1312 5185 Sumas
1331 5131 1384 5181 ete.
