4000 6050
322 539 372 612 (V,
389 541 417 610 4,
434 540 554 614 (id-ii)
827 541 1026 603 possmus

785 719 1069 794 Aeonesuocnm.

974 832 1018 899 At
1039 839 1075 900 tu
1095 833 1203 921 hercle
1223 834 1399 905 eddidiato.

354 931 439 997 Dato
463 930 539 998 mihi
560 951 619 1014 pro
643 931 708 998 offa
730 931 863 1016 savium,
887 955 946 1017 pro
969 957 1044 1004 osse
1065 940 1209 1024 lingnam
1232 941 1369 1010 obiicito.
1493 965 1496 971 ·
1521 953 1580 1024 (st)

355 1037 408 1103 lta
428 1035 513 1104 hene
535 1035 650 1103 eandm
671 1036 789 1105 faciem
810 1036 869 1107 tibi
891 1040 961 1108 olco
984 1046 1247 1127 tranquilliorem.
1438 1060 1441 1067 “

857 1143 992 1218 Reddo.

354 1227 404 1316 lic
424 1248 458 1314 u
481 1248 541 1316 ius.

793 1354 1057 1424 Annmnnsnnu.

572 1456 658 1536 Quiti
680 1478 740 1526 nos
762 1457 900 1528 fecimus
919 1461 1000 1530 tihi?

858 1567 993 1643 Hnnmo.

709 1749 715 1768 κ
1037 1675 1139 1741 Fures
1162 1674 1240 1742 istis
1261 1675 1387 1743 ambae.

793 1775 1055 1844 Annnnnssnnm

353 1886 420 1952 Nos
442 1882 524 1949 tibi?

859 1989 997 2055 Hunno

555 2094 630 2176 Vos,
652 2095 793 2176 inquam.

784 2199 1069 2266 Aconssnocnns

830 2305 936 2388 Atque
958 2325 1020 2389 ego
1042 2304 1117 2372 scid.

794 2411 1056 2480 Annnmsnmn

1109 2515 1195 2595 Quid
1217 2517 1253 2586 id
1274 2517 1354 2588 furti
1373 2521 1448 2588 esti

784 2621 1068 2724 Aconesnocnns.

740 2791 744 2796 .
1339 2732 1432 2797 Hunc
1454 2736 1577 2816 rogato.

773 2877 776 2882 ,
857 2833 993 2903 Hanno,

356 2939 440 3018 Quia
462 2956 564 3008 annos
588 2936 703 3006 miltos
726 2937 833 3006 feilits
855 2957 945 3006 meas
969 2939 1135 3008 celavistis
1156 2942 1240 3010 ciam
1261 2962 1325 3027 me,

354 3046 459 3130 Atque
481 3043 630 3128 equidem
652 3044 820 3129 ingenuas,
843 3046 981 3114 leiberts
1003 3065 1190 3131 summoque
1212 3049 1330 3134 genere
1352 3055 1480 3134 gnatas.
1521 3060 1597 3131 (το)-

492 3186 494 3193 .
670 3164 673 3170 ’
798 3152 1061 3217 Annnnnnsmn.

190 3270 272 3326 1230
297 3332 303 3353 ⁸
351 3258 520 3343 Nunquam
542 3256 700 3325 mectstor
722 3256 863 3341 reperies
885 3263 921 3325 tu
942 3257 1025 3325 istuc
1046 3258 1199 3342 probrum
1220 3278 1320 3344 penes
1342 3280 1413 3329 noe.

239 3375 257 3395 ‘
335 3436 339 3447 1
494 3448 498 3455 ἢ
782 3363 1067 3432 Aeonnsnocnns.

353 3472 406 3539 Da
426 3472 555 3556 pignus,
578 3474 613 3539 ni
635 3491 720 3539 nuuc
741 3471 877 3556 peierds,
899 3472 933 3538 in
956 3472 1091 3555 savium,
1114 3472 1184 3540 dter
1206 3471 1268 3539 utri
1292 3470 1355 3539 det.

797 3577 1061 3645 Annnnnnsumn

353 3682 405 3749 Nil
426 3688 531 3751 tecum
553 3701 631 3765 ago:
655 3681 803 3765 abscede,
826 3684 969 3751 obsecrd.

783 3790 1068 3857 Aoonssnocnns.

935 3894 1036 3977 Atqui
1057 3894 1166 3961 hercle
1188 3894 1313 3963 meeum
1334 3894 1496 3980 egendum
1518 3899 1577 3963 est.

354 3999 435 4065 Nam
458 3998 511 4065 hic
533 4004 666 4083 patruos
689 3999 778 4067 meus
802 4006 865 4068 est:
889 4020 947 4084 pro
964 4000 1025 4067 hoc
1047 4000 1125 4067 mihi
1147 4007 1300 4084 patronus
1322 4003 1383 4068 sim
1404 4008 1580 4070 necessust.

353 4104 393 4171 Ei
416 4104 622 4189 praedicabo,
647 4105 805 4190 quomodo
830 4126 888 4173 vos
911 4106 998 4177 furta
1020 4105 1129 4173 facitis
1152 4108 1253 4174 multa
1503 4117 1580 4187 ’(15)
1701 4144 1715 4166 a

194 4221 271 4278 1235
352 4208 486 4293 Quoque
509 4211 603 4278 modo
626 4213 759 4281 huiusce
781 4203 869 4279 filiis¹
889 4210 978 4295 apud
999 4232 1058 4279 vos
1080 4212 1207 4279 habetis
1230 4233 1353 4297 servas,

356 4314 444 4393 Quas
466 4338 525 4385 vos
548 4338 589 4385 ex
611 4318 716 4403 pitria
738 4318 856 4387 liberis
880 4322 1047 4401 surruptas
1070 4319 1143 4385 esse
1165 4318 1264 4385 scitis.

354 4530 435 4585 1224.
463 4530 497 4588 D.
517 4528 629 4591 abicito.
666 4532 795 4589 Ceterum
823 4532 928 4589 histum
955 4533 985 4587 in
1012 4530 1066 4587 hoc
1093 4547 1176 4587 versu
1203 4532 1341 4603 duplicem
1368 4546 1425 4588 nou
1453 4532 1580 4590 sollicito.

276 4616 355 4673 1226.
375 4618 456 4677 codd.
476 4620 560 4675 ceteri
579 4620 623 4675 Ite
641 4620 713 4675 siitis
731 4620 759 4689 (i.
780 4636 804 4679 o.
822 4620 864 4676 lto
884 4622 908 4676 si
927 4622 989 4690 ius),
1007 4622 1039 4677 P.
1057 4621 1100 4676 Ite
1118 4622 1210 4677 scitis:
1231 4634 1284 4679 ser.
1302 4620 1345 4675 lte
1363 4620 1393 4675 in
1411 4623 1463 4677 ius.
1500 4618 1580 4676 1227.
1638 4681 1641 4686 Α

275 4704 356 4760 codd.
374 4706 489 4763 Nosne:¹
502 4724 554 4766 scr.
571 4710 640 4768 Nos.
675 4708 784 4765 Deindo
803 4713 848 4765 eet
864 4708 910 4767 P.:
928 4708 964 4762 D.
982 4708 1059 4765 estis.
1093 4708 1173 4764 Nunc
1191 4714 1298 4778 rogato.
1336 4708 1416 4765 1228.
1433 4707 1525 4763 feiiias
1543 4710 1579 4764 A.

276 4793 357 4853 1229.
375 4792 494 4851 leiberas
512 4795 548 4855 A.
587 4798 668 4855 1231.
687 4797 724 4854 A.
744 4813 798 4856 om.
816 4797 869 4853 Da.
889 4797 921 4855 P.
940 4811 975 4851 no
992 4811 1021 4865 p.
1039 4796 1076 4853 ni.
1098 4796 1208 4853 Deinde
1224 4798 1333 4866 peiores
1350 4796 1482 4852 Bothius:
1501 4794 1581 4850 codd.

273 4882 406 4955 periuros,
426 4882 480 4937 nisi
499 4884 575 4953 quod
593 4885 627 4943 D.
646 4885 781 4958 penninos.
808 4884 937 4956 Denique
955 4885 986 4942 P.
1006 4883 1104 4939 Poen.
1124 4884 1193 4940 Uter
1210 4884 1308 4940 irridet
1325 4901 1352 4955 p.
1372 4890 1434 4940 uter
1451 4884 1505 4938 utri
1524 4881 1580 4939 det.

275 4970 354 5026 1232.
373 4969 454 5027 codd.
464 4971 573 5041 Atque:
586 4989 640 5032 scr.
653 4974 749 5045 Atqui.
782 4975 861 5031 1233.
881 4972 963 5028 codd.
975 4986 1091 5027 necesse
1103 4977 1161 5029 est:
1181 4987 1233 5029 ner.
1247 4978 1400 5029 necessust.
1419 4970 1454 5027 cf.
1467 4968 1580 5025 Lachm.

274 5056 311 5111 ad
329 5057 410 5117 Lucu.
428 5074 456 5127 p.
467 5059 529 5118 391.
567 5060 649 5120 1234.
668 5060 704 5120 V.
713 5060 734 5119 1.
744 5062 780 5122 D.
792 5061 824 5119 P.
843 5062 887 5119 Et.
912 5061 1023 5119 Deinde
1042 5058 1136 5116 facitis
1153 5058 1341 5117 Hermumque:
1359 5058 1441 5113 codd.
1459 5054 1579 5113 faciatis.

275 5144 357 5203 1235.
374 5144 456 5206 codd.
475 5162 538 5205 cum
555 5147 591 5205 A.
611 5164 707 5207 omnes
724 5148 806 5207 huius
824 5166 852 5221 p.
869 5147 994 5208 huiusce.
1030 5148 1067 5208 D.
1086 5146 1225 5206 habeatis.
